3575 5509
522 681 971 784 :iunonntcort
1023 696 1145 770 trra..
1177 698 1207 772 1.
1306 722 1374 796 247

399 902 450 973 At
465 899 490 970 st
503 898 678 970 triticeam
695 898 732 967 in
748 896 892 967 meffem
909 894 1117 992 robustaque
1134 896 1224 968 farra

398 1035 589 1133 Exercebis
610 1034 773 1117 humum,
798 1029 946 1125 solisque
962 1030 1106 1102 instabis
1123 1032 1252 1105 aristis:
1305 1054 1376 1105 220

398 1169 493 1241 Ante
509 1169 576 1239 tibi
598 1168 684 1240 Eoae
694 1168 902 1239 Atlantides
917 1166 1184 1254 abscondantur,

431 1393 487 1444 219.
505 1383 585 1427 triticea
604 1371 679 1429 Goth.
697 1380 742 1428 sec.
781 1380 803 1425 r'rr
820 1378 883 1427 abest
902 1382 1020 1427 aMoret.
1036 1379 1081 1428 sec.
1115 1381 1230 1443 inmensam
1242 1379 1374 1427 Gud.-—
1418 1396 1424 1406 ·

397 1465 454 1507 220.
463 1460 570 1519 solidisqne
581 1472 629 1503 non
641 1456 729 1503 malam
739 1455 859 1505 Waddelii
872 1451 1014 1519 (Animadv.
1028 1455 1092 1503 crit.
1103 1470 1161 1521 pag.
1174 1457 1198 1521 7)
1213 1454 1374 1518 coujedruram

398 1543 517 1581 memorat
528 1534 805 1582 Romanum-221.
819 1533 961 1597 abscondentur
971 1531 1036 1581 Gud.

399 1716 490 1794 itaque
510 1731 538 1774 et
562 1717 650 1795 capite
683 1718 755 1797 quast
779 1719 859 1776 nixus
907 1721 956 1794 48,
983 1721 1096 1794 ruarfia
1117 1716 1146 1774 h.
1165 1736 1230 1774 acus
1250 1717 1371 1775 tenuise

399 1795 470 1852 viam
485 1794 533 1851 fibi
547 1794 623 1862 facit,
651 1816 703 1872 qua
723 1794 809 1872 specie
830 1794 860 1850 in
927 1796 1001 1851 luma
1021 1794 1174 1871 prominens
1193 1795 1219 1851 ei
1232 1794 1370 1852 tribuitur.
1428 1825 1437 1837 -
1470 1833 1477 1849 .

398 1871 535 1929 asterismis
571 1888 598 1928 et
634 1871 731 1929 tabulis
775 1870 861 1928 Orbis
907 1815 1014 1927 ilerum
1039 1872 1099 1926 sunt
1129 1870 1242 1927 omnino
1273 1873 1371 1947 plures,

331 2009 340 2025 s
396 1947 860 2011 caelestisexlriberisolet‚etmulto
929 1968 975 2005 uas
999 1961 1097 2003 vocant
1121 1946 1230 2023 species,
1260 1966 1291 2003 ut
1316 1949 1372 2024 post

398 2024 485 2102 magis
518 2025 585 2081 olim
618 2022 754 2080 exhibitus
790 2022 858 2079 fuit:
939 2024 1080 2081 odonaeum
1094 2042 1126 2079 ac
1144 2022 1297 2079 Manettum
1321 2024 1371 2088 do-

383 2101 463 2157 'vide
483 2099 633 2157 Farnesram
652 2100 770 2155 tabulam
787 2098 861 2176 apud
908 2100 966 2157 cuit
988 2101 1126 2166 Hallerus,
1146 2099 1180 2155 de
1194 2100 1369 2163 Cerealibus:

397 2175 519 2234 Gorium
542 2176 625 2233 Thes.
645 2176 785 2233 Gemmar.
807 2190 862 2233 ant.
909 2178 986 2236 Nov.
1024 2177 1178 2248 Comment.
1214 2177 1299 2234 Tom.
1331 2176 1370 2236 V.

401 2252 439 2310 T.
459 2252 514 2318 III,
541 2252 606 2310 item
627 2252 698 2320 apud
720 2253 862 2330 Spencium
911 2256 968 2312 Far
987 2254 1077 2326 (nobis
1098 2252 1218 2327 Daniel)
1241 2253 1375 2330 robustum,

399 2330 518 2406 Polymer.
550 2328 607 2386 tab.
634 2329 749 2388 XXIV.
801 2331 861 2387 Ser·
908 2330 1234 2408 fivecujuspraellantiae
1288 2331 1370 2388 ndere

400 2408 461 2464 vius
473 2406 518 2464 hie
532 2405 645 2464 nimium
658 2422 760 2485 argute.
808 2409 862 2463 Ca·
909 2407 1040 2475 censetur,
1070 2424 1099 2464 ut
1116 2406 1186 2484 apud
1204 2350 1315 2464 Coiirom.
1330 2408 1371 2476 ΙΙ,

400 2492 438 2540 nis
456 2483 538 2550 vero,l
558 2482 653 2551 Sirius,
679 2500 736 2541 tum
757 2484 862 2542 occidit
909 2492 938 2555 6,
966 2506 976 2542 r
1002 2484 1087 2542 tritici
1109 2504 1193 2563 genus
1214 2483 1289 2542 robur
1309 2483 1370 2541 dic·
1464 2527 1476 2549 ,

399 2560 514 2628 heliace,
532 2560 560 2617 h.
573 2561 734 2627 occultatur,
754 2562 860 2639 eonspi-
909 2578 977 2626 tum,
990 2572 1103 2642 quoniam
1118 2578 1142 2617 er
1151 2564 1285 2637 pondereet
1293 2571 1369 2619 nitore
1487 2632 1493 2636 ἱ

398 2637 428 2694 ci
447 2636 559 2715 amplius
571 2656 627 2693 non
640 2639 732 2713 potest,
751 2636 805 2695 sole
817 2639 860 2696 ni·
901 2643 1002 2715 praestet
1015 2639 1078 2703 live,
1092 2652 1118 2696 et
1126 2640 1178 2696 hoc
1189 2637 1287 2707 verius,
1295 2637 1370 2715 quod
1461 2693 1463 2696 ,

400 2713 485 2771 mium
499 2713 608 2783 vicino;
629 2717 862 2791 ceditaversoastro
905 2714 1371 2793 a'erisnentorunrpluviarumqueac

399 2790 618 2868 simplicissimum
662 2792 698 2848 est
740 2790 862 2868 accipere
907 2791 1018 2871 frigoris
1031 2791 1158 2868 injuriam
1172 2793 1370 2868 melion-quam

398 2868 509 2945 poetica
532 2868 637 2925 ratione
668 2868 703 2925 de
728 2867 861 2945 fugiente,
908 2869 961 2925 alia
974 2868 1101 2927 frumenti
1110 2888 1216 2945 genera,
1229 2869 1298 2925 ferre
1308 2868 1369 2944 pos-

400 2944 466 3003 dum
487 2960 592 3021 tergum
606 2947 668 3002 dare
691 2943 811 3017 dicitur;
831 2961 862 3003 ut
908 2943 956 3002 stt:
977 2946 1008 3004 in
1029 2964 1109 3022 quern
1129 2944 1283 3001 sententiam
1297 2944 1369 3020 apud
1469 2980 1472 2985 .

401 3021 449 3079 stt:
471 3023 555 3090 cedit,
576 3022 631 3099 ipse
651 3022 764 3080 aversus.
804 3023 861 3080 Ac·
909 3020 1087 3100 Theophrast.
1107 3022 1141 3077 de
1162 3020 1265 3077 Cauffis
1284 3022 1369 3097 plant.

398 3099 485 3167 cedit,
509 3098 584 3177 quod
603 3098 686 3157 Canis
705 3099 816 3177 pedibus
835 3114 863 3157 et
908 3097 966 3167 IV,
984 3103 1073 3159 6toto
1086 3097 1174 3174 capite
1185 3100 1257 3173 πυςδς
1270 3099 1284 3156 ἢ
1296 3095 1369 3173 κριθὴ

389 3178 486 3232 ¹'cauda
503 3177 575 3252 prius
596 3174 698 3233 occidit
719 3196 799 3254 quarn
812 3176 862 3250 bu·
909 3174 980 3233 inter
1005 3178 1040 3233 τὰ
1061 3176 1226 3251 ἰσχυρότατα
1250 3174 1370 3231 referun-

402 3254 523 3309 merisac
537 3253 640 3312 fronte:
662 3253 865 3323 utbenePfaff,
908 3265 963 3310 tur.
1017 3271 1081 3311 220.
1090 3252 1151 3326 solis
1167 3250 1370 3328 itfiabisarfiis,
1412 3322 1416 3328 ἱ

400 3341 492 3385 'monet
504 3329 538 3386 de
551 3330 614 3387 Ort.
633 3344 660 3386 et
674 3329 770 3387 Occas.
784 3330 861 3389 fider.
908 3328 1138 3400 frumentisolius,
1147 3326 1232 3385 tritici
1243 3340 1270 3382 et
1280 3327 1370 3396 farris,

402 3424 430 3479 p.
452 3407 498 3463 60.
539 3406 668 3482 Argutias
688 3406 863 3484 interpretum
909 3426 1000 3484 curam
1033 3421 1060 3462 et
1090 3406 1221 3462 rationem
1250 3404 1371 3473 habebis.

402 3502 428 3537 v.
451 3500 493 3558 ap.
516 3482 667 3549 Heinsrum,
699 3482 863 3552 Martinum,
911 3504 976 3542 221.
1018 3482 1135 3539 Pleiades
1160 3481 1203 3540 seu
1229 3479 1371 3558 Vergiliae,

403 3557 547 3634 Spencium
564 3580 592 3635 p.
615 3579 676 3637 174.
725 3561 796 3618 Rem
817 3580 863 3616 ex·
908 3561 1021 3618 Atlantis
1064 3559 1136 3625 filiae,
1189 3559 1369 3633 absconduntur

403 3634 480 3710 pedit
507 3635 619 3691 Colum.
642 3634 698 3703 XI,
721 3656 751 3704 2,
790 3678 798 3695 .
828 3640 864 3711 36
909 3639 980 3705 Eoae,
1011 3635 1160 3703 matutinae,
1189 3635 1218 3692 h.
1241 3634 1372 3692 occidunt

401 3711 458 3768 XV
469 3710 530 3768 Cal.
546 3713 636 3769 Maias
648 3712 692 3787 sol
711 3721 738 3771 in
775 3736 865 3771 aurum
909 3713 1043 3771 matutino
1056 3725 1187 3793 tempore,
1208 3731 1286 3769 mane
1308 3710 1371 3771 sub·

401 3791 534 3866 transtrum
559 3790 772 3866 facit-Pridie
796 3790 865 3848 Cal.
909 3805 1065 3869 merguntur
1119 3790 1148 3845 in
1207 3788 1372 3847 occidentali

402 3868 615 3941 MaiasCanisse
623 3866 805 3942 vcffperecdas.
908 3875 993 3944 parte,
1031 3866 1096 3923 dum
1130 3865 1170 3922 sol
1201 3864 1302 3923 interea
1336 3864 1371 3922 ab

439 3959 599 4023 219-224.
621 3942 724 4001 Tritici
735 3957 762 3999 et
783 3941 862 4000 farris
909 3944 1014 4002 oriente.
1037 3942 1160 4021 emergit.
1211 3944 1367 4019 Abscondun-

400 4021 469 4079 satio
491 4041 545 4077 non
561 4021 590 4076 fit
607 4020 656 4077 nisi
676 4019 732 4097 post
753 4022 862 4076 maturi·
909 4037 952 4078 tur
965 4036 1071 4088 autema,
1086 4019 1126 4075 ita
1147 4018 1262 4076 laudatis
1281 4019 1371 4075 verbis

401 4098 600 4155 numoccasum
613 4096 760 4155 cosmicum
775 4095 862 4153 Pleia-
908 4102 996 4172 poetae
1018 4096 1099 4155 nostri
1124 4096 1372 4172 interpretationem
1477 4122 1481 4125 ’

398 4176 468 4231 dum
489 4189 515 4231 et
540 4174 596 4252 post
619 4188 709 4231 ortum
729 4174 861 4232 heliacunt
908 4171 1047 4251 subjungit
1065 4174 1218 4232 Columella
1235 4172 1275 4236 ΙΙ,
1299 4173 1328 4237 8,
1355 4188 1366 4226 r

401 4253 529 4318 Coronae,
567 4251 595 4307 h.
622 4251 710 4318 mense
732 4250 859 4308 octobri.
907 4249 986 4310 altero
1004 4269 1028 4309 et
1049 4253 1167 4331 mgefimo
1185 4252 1224 4305 die
1241 4247 1294 4323 post
1312 4269 1372 4304 auc.

395 4338 468 4404 '219.
502 4328 620 4386 Triticum
630 4344 750 4385 veterum
763 4327 859 4386 diversi
908 4330 1018 4388 tumnale
1039 4334 1208 4407 aequinodium
1234 4326 1299 4400 quod
1333 4347 1373 4384 ere

396 4424 422 4461 a.
437 4404 524 4460 nostro
546 4404 650 4479 generis
674 4404 762 4474 soille,
795 4406 859 4463 inde
908 4410 1035 4484 conficitur
1058 4428 1118 4461 nono
1150 4399 1212 4458 Cal.
1238 4401 1301 4457 0220
1319 4410 1372 4458 ris:

398 4480 508 4557 colligit
534 4480 681 4550 Martinus,
744 4482 799 4554 uod
832 4502 861 4541 V.
904 4483 1081 4560 propterquod
1092 4476 1201 4557 intelligi
1217 4475 1378 4537 dehertriricr·

402 4576 456 4620 202
466 4572 494 4619 et
506 4557 578 4637 apud
589 4555 673 4620 Varr.
686 4503 771 4621 deit.
785 4559 822 4621 R.
836 4559 863 4627 1,
919 4568 971 4621 ario
981 4561 1076 4622 aarum
1085 4560 1137 4636 sex
1157 4571 1182 4615 er
1203 4555 1381 4692 quadragina}

394 4659 398 4671 ’
699 4661 704 4669 ·
745 4668 750 4683 ·
961 4674 963 4677 -
1302 4654 1362 4692 ⁴>a
