3575 5509
460 650 570 711 euxtt
657 625 740 706 DE
772 622 931 703 VITA
964 616 1300 736 VIRGILIL

460 834 570 923 pulta
580 822 689 898 etiarn
701 847 752 910 ea,
763 845 847 921 quae
863 837 926 896 aut
942 820 1167 894 molesta'aut'
1181 820 1280 893 nulla
1290 814 1363 894 fide
1378 834 1453 895 trta
1485 820 1487 824 ’

461 949 603 1037 dantur,
626 946 841 1046 cognoscere
856 968 929 1018 non
942 941 1179 1041 injucundum
1194 940 1258 1027 fit;
1269 941 1358 1018 dum
1368 965 1453 1017 rno-

463 1072 512 1145 do
536 1071 618 1144 satis
635 1069 808 1165 explores,
833 1090 906 1162 quo
928 1067 1009 1137 loto
1025 1082 1060 1137 et
1078 1064 1338 1139 existimatione
1359 1089 1453 1139 una‹

463 1212 615 1291 quaeque
629 1191 783 1265 narratio
796 1189 961 1261 habenda
977 1188 1040 1261 fit:
1067 1213 1147 1260 earn
1164 1188 1311 1285 quidem
1327 1189 1452 1264 Vitam

465 1312 622 1411 Virgilii,
646 1337 728 1409 quae
748 1311 814 1390 sub
830 1311 967 1386 Donati
980 1309 1130 1383 nomine
1146 1310 1391 1400 cicumfertur,
1416 1327 1454 1385 et

465 1460 510 1508 ex
531 1455 602 1532 qua
625 1434 708 1506 aliae
732 1434 832 1521 vitae,
857 1432 1115 1507 Grammaticis
1137 1433 1251 1506 modo
1272 1432 1453 1511 Bucolicis
1529 1483 1531 1487 -

375 1650 384 1656 -
465 1559 577 1640 modo
603 1556 750 1633 AEneidi
769 1558 944 1655 praefixae,
968 1556 1192 1629 concinnatae
1213 1554 1306 1645 sunt,
1328 1558 1452 1633 omitti

464 1686 559 1759 redte
576 1683 673 1780 polle
689 1708 761 1757 non
777 1686 1001 1781 putavimus;
1028 1682 1147 1779 itaque
1156 1681 1189 1755 ei
1204 1685 1452 1760 annotationes

464 1804 698 1906 subjecimus,
722 1805 760 1876 in
789 1803 920 1901 quibus
943 1804 1091 1901 partim?
1106 1806 1346 1896 firmarentur,
1369 1832 1453 1907 qun

439 1973 442 1978 ·
465 1955 551 2005 curn
568 1953 686 2003 rerum
703 1928 776 1999 fide
796 1927 889 1999 tradi
911 1925 1126 2017 viderentur,
1149 1929 1284 2027 partim
1303 1930 1455 2021 incerta,¹
1503 1912 1507 1920 ¹

421 2047 427 2064 '
465 2056 548 2130 falsa
569 2076 606 2130 et
626 2054 766 2141 insulsa,
789 2052 848 2125 vel
865 2053 977 2127 verbo
998 2071 1218 2127 notarentur.
1265 2052 1454 2155 vSubjiceru

463 2182 758 2255 constitueramus
782 2178 906 2251 Vitam
925 2176 1071 2278 Virgilii
1092 2204 1113 2251 a
1130 2178 1247 2252 Ruaeo
1258 2201 1325 2277 per
1338 2199 1459 2254 annos.

462 2302 542 2377 suos
559 2301 798 2376 distributam.
850 2300 947 2373 Cum
963 2318 1083 2373 tamen
1095 2300 1210 2374 multa
1220 2300 1258 2373 in
1275 2324 1316 2372 ea
1324 2299 1452 2400 jejune

462 2426 566 2514 tradi,
590 2424 660 2497 alia
677 2445 809 2519 parurn
827 2439 932 2496 acute
951 2422 1153 2521 conjellari,
1176 2421 1332 2520 plurima
1350 2447 1454 2520 prae.

462 2547 574 2635 teriri,
607 2569 802 2644 eorumque
830 2545 912 2619 loco
941 2545 1055 2617 aliena
1086 2544 1196 2619 attexi
1228 2541 1452 2633 videremus;

463 2671 654 2745 maluimus
675 2689 806 2742 novam
825 2670 941 2742 vitam
956 2670 1002 2743 ad
1023 2670 1175 2744 eandem
1189 2670 1262 2743 fere
1276 2672 1453 2749 rationem

339 2800 342 2805 ’
463 2791 651 2879 conficere,
676 2789 716 2862 in
730 2811 801 2885 qua
814 2816 854 2864 ea
870 2792 1029 2866 breviter
1046 2793 1206 2867 indicata
1225 2788 1344 2885 allent,
1368 2821 1458 2895 quae·

463 2914 508 2987 ad
532 2914 716 2989 historia-m
736 2915 808 2989 five
829 2916 919 2989 vitae·
937 2916 1012 2989 five¹
1034 2940 1165 3003 rerum,
1188 2919 1328 3015 quoties
1343 2917 1454 3017 po‘e‘ta

463 3040 508 3112 ad
518 3037 580 3113 sua
594 3056 759 3137 tempora
769 3039 934 3139 respexit,
950 3042 1150 3139 accuratius
1166 3041 1457 3141 cognoscendam

464 3160 580 3232 lacere
591 3161 746 3258 pollent,
796 3162 922 3260 Itaque
944 3162 1008 3236 sub
1029 3171 1246 3261 unoquoque
1264 3187 1359 3239 anno·
1373 3167 1454 3265 pri-

462 3268 566 3357 inurn
588 3307 641 3358 res
653 3287 799 3383 publice
813 3290 927 3385 gestas
947 3288 1131 3385 ponimus,
1155 3307 1287 3366 tumea
1302 3288 1453 3389 subjun-

462 3406 596 3503 gimus,
610 3429 713 3505 quae,
737 3409 808 3482 five
825 3411 862 3483 in
874 3412 949 3486 vita
966 3412 1123 3511 Virgilii,
1148 3411 1219 3484 five
1235 3411 1272 3483 in
1284 3412 1360 3511 ejus
1371 3437 1452 3489 car·-

464 3527 633 3618 nrinibus,
657 3531 781 3630 aliquo
794 3532 904 3607 modo
916 3555 1002 3609 cum
1016 3536 1086 3609 illis
1100 3532 1291 3635 conjunlla
1305 3536 1400 3614 sunt.
