3575 5509
579 678 980 776 CE'ORGICON,
1020 677 1207 763 LlB.'l.
1242 687 1246 693 ’
1318 709 1383 791 291

412 876 521 962 llunc
531 887 654 961 saltem
663 889 962 991 eversojuvenem
972 888 1170 961 succurrere
1187 888 1292 963 saeclo
1317 902 1388 985 god

410 1024 470 1096 Ne
485 1024 688 1121 prohibete!
711 1025 802 1097 Satis
813 1023 892 1120 jam
909 1022 1050 1131 pridem
1072 1022 1239 1121 sanguine
1255 1028 1373 1099 nostro

409 1161 686 1234 Laomedonteae
702 1160 832 1231 luimus
850 1157 1003 1255 perjuria
1022 1156 1157 1255 Tr'ojae'.

440 1387 497 1454 5'oo.
517 1370 662 1454 HuieGotlr.
675 1366 718 1429 see.
733 1396 748 1427 a
762 1395 795 1428 m.
806 1367 850 1427 lec.
882 1369 957 1442 aversi
971 1371 1071 1428 Mentel.
1089 1396 1127 1445 pr.
1146 1388 1160 1429 a
1176 1385 1210 1429 ni.
1227 1396 1264 1446 pr.
1289 1375 1389 1447 juvenem

407 1462 476 1522 merso
495 1460 731 1517 Venetus--50L
749 1458 796 1502 Nec
815 1457 878 1504 Ven.
910 1469 959 1502 nam
971 1460 1054 1521 pridem
1071 1458 1110 1504 ed.
1123 1456 1310 1519 venei-³502.
1327 1460 1390 1507 Lari

361 1566 364 1576 .
407 1537 510 1581 medonteae
527 1532 591 1581 Vols.
610 1548 646 1598 pr.
664 1532 784 1591 Parthas„
806 1531 899 1580 esitio
916 1531 1003 1581 seculi.
1019 1548 1044 1581 v.
1062 1534 1145 1581 Burm.
1483 1541 1486 1543 ’

406 1704 534 1785 ἐγχώριοι.
574 1706 664 1766 Exiis
680 1706 778 1765 AEneas
797 1714 870 1766 erati
922 1703 1084 1766 RomuliE
1123 1699 1151 1765 ”t
1185 1705 1256 1776 VII,
1292 1723 1338 1786 17,
1371 1726 1389 1764 a

407 1786 465 1842 vid.
491 1786 553 1845 Liv.
577 1785 602 1853 I,
623 1799 724 1842 zextt.
764 1784 872 1843 Tibull.
920 1783 1077 1861 Virgilioa
1120 1784 1315 1860 Trojanorum,
1339 1785 1389 1862 qui

407 1848 449 1930 ll,
479 1878 508 1943 ς,
538 1862 585 1937 46.
611 1861 675 1919 AEn.
702 1860 772 1929 XII,
806 1880 872 1939 794³
919 1860 1009 1937 gentis
1023 1860 1153 1918 Romanas
1168 1862 1286 1917 auetores
1301 1860 1388 1929 fuere,
1411 1906 1413 1909 -

405 1936 483 1998 Idem
495 1942 590 1998 AEneas
601 1941 654 1996 deos
659 1948 755 2015 patrios
766 1936 810 1993 seu
824 1940 874 1994 Pe·
919 1936 1049 1994 facinora
1089 1938 1152 2012 Jam
1173 1956 1271 2012 porro:
1302 1936 1389 1995 bello·

405 2033 477 2073 nates
497 2037 513 2073 a
536 2015 623 2090 Troja
644 2014 674 2070 in
696 2012 806 2070 Latium
825 2013 873 2070 ad·
920 2033 980 2082 rum
1012 2012 1136 2071 civilium
1160 2012 1259 2070 scelera
1288 2027 1390 2071 novum

405 2107 525 2150 vexerat.
552 2112 616 2169 500»
620 2094 755 2167 juvenem,
770 2102 800 2145 ut
813 2088 873 2147 Ecl.
921 2090 982 2147 sunt
1006 2093 1078 2163 ἄγος,
1106 2109 1208 2147 novum
1239 2087 1390 2166 piaculum,

406 2166 433 2233 1,
452 2189 503 2243 43,
517 2166 643 2227 ,Romani
665 2164 792 2222 sermonis
809 2181 875 2223 noto
922 2186 977 2242 quo
997 2165 1116 2224 obstriffi
1135 2165 1257 2223 homines
1276 2166 1390 2224 deorum

406 2246 456 2317 usu
475 2243 592 2321 appellat
613 2240 793 2299 Octavianum
814 2242 875 2299 Cae·
922 2242 975 2301 itas
996 2244 1025 2300 in
1038 2243 1065 2302 se
1077 2252 1243 2321 provocent3
1264 2242 1328 2300 inde
1342 2262 1389 2301 ca·

406 2319 502 2387 sarem,
521 2334 579 2376 tum
601 2318 673 2377 circa
694 2317 815 2377 XXVII
827 2337 873 2376 an-
922 2319 1056 2378 lamitates
1067 2320 1173 2378 easdem
1186 2319 1239 2387 iras
1257 2333 1284 2377 et
1306 2339 1394 2379 novas

406 2416 473 2454 num
498 2406 631 2475 agentem.
669 2395 747 2455 Saeclo
780 2400 822 2469 (ut
846 2416 873 2454 v.
921 2399 1085 2474 portendunt
1098 2396 1390 2475 prodigiazquaepro-

428 2475 476 2548 68)
491 2479 575 2549 everfi
586 2471 669 2540 dixit,
681 2474 754 2550 quod
766 2471 795 2530 in
808 2492 871 2549 pros
921 2475 1040 2532 curanda
1059 2473 1120 2531 sunt
1139 2488 1167 2530 et
1184 2475 1212 2531 τὸ
1232 2476 1293 2545 ἄγος
1311 2492 1345 2530 ex
1364 2474 1390 2530 ia

406 2494 446 2619 la,
465 2551 536 2610 rebus
548 2553 649 2627 perditis
660 2556 823 2625 succurret&
842 2562 873 2607 ut
920 2552 1030 2624 andum,
1051 2550 1165 2608 'Verum
1178 2566 1264 2608 reatus
1277 2551 1324 2622 ille
1337 2493 1392 2607 fol-

405 2634 519 2704 eversum
540 2638 665 2703 imperium
687 2646 737 2703 pto
755 2625 872 2684 labefaca
920 2629 950 2684 vi
968 2628 1063 2707 nequit
1077 2628 1126 2686 nist
1145 2628 1226 2686 certis
1244 2626 1342 2685 ritibus
1360 2639 1389 2685 et

406 2706 442 2778 ad
465 2719 534 2779 tato,
558 2702 697 2760 interitum
719 2714 823 2778 ruente.
842 2724 870 2762 v.
920 2703 1001 2777 sacris
1012 2705 1203 2784 piacularibus,
1221 2725 1277 2763 non
1290 2703 1340 2761 nili
1353 2704 1390 2761 ab
1413 2775 1416 2780 Ι

406 2780 503 2840 Duclt.
515 2781 549 2838 ad
564 2780 625 2838 Liv.
649 2772 753 2854 XXX,
777 2782 821 2849 16,
842 2780 870 2839 6.
921 2780 1031 2840 homine
1051 2802 1121 2859 puro
1142 2800 1173 2839 ac
1192 2781 1281 2855 saneto
1303 2794 1350 2838 aut
1372 2800 1390 2838 a

406 2860 544 2919 Caetetum
565 2857 694 2916 nonnulla
706 2857 735 2917 in
743 2925 748 2932 Α
759 2856 870 2935 sequen·
921 2857 974 2931 deo
995 2860 1088 2937 aliquo
1105 2858 1244 2917 curandis:
1265 2858 1311 2916 hic
1331 2872 1391 2915 erat

404 2937 477 2995 'tibus
490 2938 562 3004 sunt,
581 2955 641 3013 quae
653 2934 724 2993 forte
739 2926 871 2991 Romanis
922 2933 1086 2993 Otlavianus
1111 2934 1212 3003 Caesar,
1234 2934 1283 3013 qui
1302 2934 1402 2992 ‘idem‘

405 3014 493 3091 magis
526 3007 634 3092 probari
667 3026 822 3091 potuerunt,
854 3031 871 3069 a
922 3030 1007 3091 remp,
1030 3032 1099 3069 unus
1115 3011 1250 3068 restituere
1272 3024 1389 3089 poterat.

405 3092 484 3148 nobis
507 3089 628 3149 excusari
649 3091 718 3147 lorte
735 3088 798 3147 satis
813 3089 865 3165 ests
922 3087 988 3147 Hoc
1001 3088 1074 3146 idem
1086 3086 1305 3167 persequutusest
1325 3087 1389 3144 Hoa

403 3168 451 3226 etsi
484 3167 618 3225 declarate
647 3167 785 3232 videntur,
815 3166 869 3223 'am
920 3175 971 3225 r'at.
993 3165 1114 3224 ICatm.
1139 3186 1165 3223 2.
1203 3164 1265 3239 Jam
1282 3165 1326 3222 his
1338 3183 1389 3221 noa

404 3253 464 3301 tum
518 3247 585 3302 oetae
621 3242 713 3301 animo
748 3187 869 3300 insedisse
920 3241 1041 3301 tionibus
1063 3242 1199 3300 imbutum
1223 3238 1388 3298 animumli

404 3264 529 3378 AEneiils
560 3333 759 3397 argumentum,
791 3334 821 3377 ut
853 3338 869 3375 a
919 3310 1056 3393 habueris,
1083 3313 1163 3377 facile
1185 3318 1312 3405 expedies
1335 3318 1389 3375 sina
1466 3312 1470 3319 ’

405 3390 534 3473 Trojanis
554 3389 631 3453 rebus
652 3397 707 3454 fata
731 3396 868 3471 Romano-
940 3397 1002 3453 ula:
1025 3396 1165 3461 Permitte,
1187 3395 1244 3469 dir,¹
1270 3409 1300 3451 ut
1325 3394 1387 3453 Cae*

404 3484 465 3531 'rum
499 3480 560 3549 apta
593 3487 621 3529 et
651 3489 719 3529 nexa
760 3472 868 3547 faceret.
918 3415 961 3529 lat
974 3493 1059 3552 remp.
1073 3474 1191 3532 restituat
1199 3486 1226 3529 et
1238 3470 1306 3529 belli
1317 3471 1388 3530 civi-

404 3552 573 3609 Laomedontis
586 3561 657 3605 certe
662 3553 778 3636 perjuria
787 3547 869 3623 nimis
918 3548 951 3606 lis
970 3551 1068 3609 scelera
1079 3571 1112 3609 ex
1131 3549 1177 3608 iet.
1219 3547 1288 3605 Satis
1300 3550 1386 3629 malo-

403 3630 484 3704 longe
496 3624 579 3702 petita
589 3623 676 3682 viden
687 3626 792 3701 potsunt
799 3650 807 3696 ;
819 3645 868 3683 nec
918 3645 979 3684 rum
990 3628 1093 3706 experti
1106 3572 1210 3684 limus:
1232 3644 1299 3704 50¹·
1318 3644 1386 3703 50²·

403 3700 593 3760 sententiarum
625 3701 770 3759 admodum
794 3722 868 3759 com·
919 3696 964 3763 Ne
997 3705 1158 3763 nobiseum
1183 3701 1289 3779 eripite,
1317 3717 1388 3759 tama
1456 3704 1458 3716 '

404 3780 501 3837 modus
532 3793 558 3835 et
575 3772 714 3852 ¹naturalis
742 3778 811 3835 ordo
841 3794 870 3836 et
919 3799 1000 3856 quam
1013 3802 1095 3839 unum
1108 3780 1197 3855 illum,
1216 3778 1386 3858 quiyculpam

401 3853 598 3935 junilutaesle.
639 3851 743 3912 Verum
764 3852 799 3913 de
812 3853 868 3929 Roa
919 3857 1032 3914 nostram
1067 3857 1176 3934 expiare
1201 3859 1302 3935 potest:
1335 3856 1386 3914 etst
1461 3927 1462 3930 Ἴ

402 3952 543 4007 manorum
583 3931 656 3989 sensu
696 3933 869 4009 quaerendum
918 3934 969 3989 aevi
990 3934 1070 4011 hujus
1089 3949 1169 3991 tantae
1189 3937 1249 3992 sunt
1270 3952 1286 3990 s
1306 3933 1385 4008 bellis

401 4026 470 4078 erar,
489 4030 544 4066 non
566 4008 600 4065 de
617 4009 717 4066 nostro.
758 4002 869 4066 Scilicet
917 4002 1047 4083 civilibus
1075 4013 1243 4088 corruptelae,
1285 4024 1315 4067 nt
1338 4009 1385 4067 dei

402 4107 501 4165 magna
524 4085 614 4162 aliqua
650 4083 787 4143 calamitas
812 4103 866 4143 non
917 4086 1032 4165 alicujus
1042 4089 1209 4167 praesentiam
1221 4089 1270 4146 vix
1285 4079 1382 4143 fetant.

400 4165 450 4225 nist
463 4165 576 4237 deorum
589 4159 635 4219 itis
647 4160 760 4220 immitti
768 4162 867 4240 potest:
918 4163 988 4221 Haec
1009 4166 1102 4223 omnia
1123 4165 1261 4243 splendide
1277 4162 1385 4220 ornavit

400 4241 520 4304 exarsere
531 4238 586 4297 illae
599 4258 699 4317 magno
709 4238 801 4317 aliquo
811 4238 868 4317 scen
917 4256 945 4299 et
955 4242 1140 4321 amplificavit.

401 4310 455 4374 lere
467 4338 498 4373 ac
514 4310 622 4393 piaculo
637 4316 785 4376 committo.
824 4314 868 4375 Ita
891 4338 892 4343 ¹
956 4340 1022 4398 50²·
1047 4322 1093 4379 De
1115 4319 1299 4377 Laomedonte
1320 4326 1386 4372 nota

402 4389 575 4451 bellacivilia
600 4394 749 4451 referuntur
762 4394 795 4451 ad
809 4415 866 4452 ma·
916 4396 1046 4463 narratio,
1072 4397 1120 4474 qui
1154 4393 1311 4468 Apollinem
1351 4410 1385 4448 ac

396 4464 485 4546 'iorum
507 4463 635 4559 magnum
654 4467 765 4547 aliquod
788 4474 865 4543 alpos:
917 4474 1077 4550 Neptunum
1099 4473 1221 4529 mercede
1239 4489 1288 4547 pro
1302 4469 1386 4527 muris

359 4596 363 4601 ,
401 4546 435 4605 ab
467 4547 588 4607 Horatio
623 4545 662 4622 ad¹
691 4546 868 4625 patricidium
917 4546 1385 4682 Tr'tlrjaeexllruendispattafrauda

545 4643 549 4649 ·
1005 4644 1022 4683 a
1101 4630 1105 4641 ‘
1300 4638 1384 4685 verat.
