3575 5509
720 638 733 655 θ

717 659 983 769 [curm]

494 1076 611 1158 TIB.
658 1081 914 1158 CLAUDII
961 1075 1199 1157 DONATI
1286 1022 1290 1030 ¹
1365 1089 1369 1096 “

455 1311 457 1315 2
795 1256 877 1329 111
942 1256 944 1260 ’
1153 1319 1157 1332 ,

403 1384 508 1463 nui.
549 1377 951 1461 13111111111111111
990 1362 1278 1462 MAXIMUM

462 1552 917 1626 nourirluum
973 1570 1214 1628 altrum

344 1783 415 1924 Ρ(
445 1821 739 1922 vinorum
790 1833 1093 1918 1111111οΝ11
1157 1832 1330 1919 111111.

411 2171 417 2184 ’
511 2220 513 2224 ⁷
595 2233 597 2239 .
701 2184 775 2245 cA
797 2184 867 2243 111
887 2185 917 2242 T
955 2185 981 2241 1.
1007 2227 1013 2252 ,

255 2367 258 2374 Ι
344 2276 463 2436 Puri.
486 2270 624 2374 Virgilius
646 2283 730 2354 Maro
752 2291 909 2372 parentibus
942 2287 1061 2353 modicia
1089 2286 1155 2356 fuit,
1185 2300 1214 2347 et
1237 2285 1332 2367 praecl·
1354 2308 1377 2351 1·

431 2391 486 2462 pne
517 2390 594 2461 patre
620 2380 751 2451 Marone,
781 2400 862 2459 quem
900 2379 1013 2458 quidam
1039 2375 1164 2457 opificem
1203 2375 1333 2455 figulum,

339 2475 428 2553 plures
452 2470 547 2550 Magii
570 2470 722 2549 cujusdam,
752 2470 878 2539 viatoris,
913 2468 998 2529 initio
1022 2465 1243 2538 mercenarium,
1265 2486 1334 2529 mox

355 2651 488 2716 *nomine
532 2646 603 2717 hujus
641 2650 810 2710 Grammatici,
852 2648 970 2712 'cinnall'e,
996 2652 1093 2720 qualem
1117 2669 1181 2704 nunc
1204 2652 1331 2704 habcmtu.

340 2716 410 2782 'cujus
429 2725 519 2765 nomen
538 2725 589 2781 prae
610 2716 635 2767 se
668 2717 725 2775 lert,
746 2717 811 2767 fetus
857 2721 883 2766 A
901 2718 1004 2769 Daniele
1024 2720 1103 2769 multo
1122 2720 1273 2768 emendatior
1288 2717 1331 2768 ille

339 2775 370 2833 lit
392 2781 444 2830 hare
465 2781 526 2841 vita,
544 2798 588 2831 nec
612 2785 652 2841 ne',
673 2782 811 2831 dubitatum
857 2779 906 2832 fuit
916 2784 1021 2844 excrism,
1036 2784 1113 2834 multa
1121 2785 1196 2833 ctiam
1203 2783 1333 2833 emendata

339 2846 374 2897 eit
388 2863 403 2895 a
416 2846 475 2895 virio
494 2846 580 2907 doctis,
606 2863 662 2896 cum
684 2858 722 2896 tot
743 2846 812 2911 inep·
858 2846 881 2914 J.
909 2850 936 2897 F.
959 2849 1079 2898 Gronovii
1100 2850 1220 2907 acumine,
1240 2845 1284 2914 qui
1306 2860 1334 2899 et

340 2911 381 2975 'tiis
402 2911 444 2961 illa
466 2911 555 2961 referta
574 2911 611 2968 fit.
656 2913 813 2979 Qamquam
859 2912 922 2977 plue,
937 2928 1011 2977 quam
1029 2929 1073 2978 par
1090 2924 1151 2970 erat,
1167 2929 1248 2978 opera
1263 2913 1331 2962 ineo

339 2988 421 3026 tutem
448 2988 544 3026 mature
570 2977 625 3026 satis
646 2977 750 3041 ineptire
767 2992 814 3025 coe·
859 2978 948 3043 posuit,
975 2988 1004 3026 ut
1021 2994 1051 3026 ex
1071 2977 1166 3027 dicendi
1191 2992 1281 3055 genere
1305 2987 1332 3027 et

339 3044 396 3118 'pere
415 3042 585 3100 Grammatici,
602 3055 627 3091 et
642 3044 754 3091 Donatus
770 3041 810 3089 hic
858 3042 1028 3103 consuetudine
1050 3044 1109 3092 Ger.
1126 3039 1202 3090 Voffir
1222 3041 1256 3091 ad·
1272 3037 1334 3091 vel·

339 3106 392 3173 post
415 3108 512 3157 AElium
537 3109 672 3166 Donatum,
688 3107 810 3170 Hierony·
858 3106 935 3156 leium
948 3107 1092 3157 seutentiam
1106 3108 1226 3165 firmaret,
1241 3120 1257 3153 a
1272 3107 1332 3155 Sue·
1430 3135 1434 3145 ι

339 3172 376 3221 mi
391 3185 576 3239 praeceptorem,
597 3173 680 3222 vixit:
699 3187 748 3220 non
774 3183 812 3221 ta·
845 3172 928 3221 'tonio
950 3171 1137 3222 fundamentum
1154 3170 1226 3235 hujus
1247 3186 1333 3219 narra·

338 3232 397 3287 dien
421 3238 473 3287 haec
502 3237 618 3297 narratio,
653 3243 706 3296 n'ec,
733 3234 811 3301 qualia
860 3238 936 3286 tionis
951 3236 997 3285 effe
1010 3237 1112 3301 jactum,
1127 3236 1167 3286 cui
1185 3234 1273 3296 deinde
1288 3234 1332 3287 alii

339 3302 382 3361 est,
404 3302 434 3351 ab
466 3302 566 3351 homine
598 3302 672 3352 doeio
695 3300 813 3367 proficisci
861 3301 1021 3356 Grammatici
1040 3302 1082 3352 sua
1096 3311 1234 3351 commenta
1249 3299 1332 3367 super·

339 3368 428 3433 potuit,
443 3384 487 3416 nec
505 3379 558 3417 tota
577 3367 607 3416 ab
633 3368 714 3432 aliquo
741 3368 813 3431 plane
860 3366 989 3417 struerent.
1018 3367 1113 3417 Scilicet
1123 3366 1333 3417 Suetoniuaetiant

322 3433 447 3498 Ι1111101910.
505 3433 625 3497 Equidem
656 3433 691 3482 ita
725 3432 812 3491 lentio,
860 3432 960 3498 Virgilii
976 3482 979 3491 ,
993 3432 1069 3482 nostri
1099 3433 1185 3483 Vitam
1218 3430 1332 3498 scripfill'e

340 3497 446 3546 fundum
465 3497 538 3563 vhujus
569 3497 713 3546 narrationis
738 3496 811 3545 debe·
857 3498 1014 3547 existimatur.
1047 3499 1102 3549 Fuit
1112 3498 1187 3549 etiam
1201 3497 1256 3546 talia
1269 3496 1330 3549 Vita

338 3560 361 3609 ri
382 3562 488 3621 Donato,
503 3579 560 3612 mox
577 3575 659 3613 tamen
673 3578 737 3621 eam,
753 3577 810 3611 eum
858 3564 938 3612 Servii
956 3564 1055 3614 nomine
1066 3565 1198 3622 venditata,
1213 3562 1245 3612 ad
1272 3579 1331 3612 uam

338 3625 424 3693 pallim
456 3628 671 3687 transscriberetur,
694 3626 769 3677 modo
796 3644 811 3675 a
856 3628 882 3676 in
894 3631 960 3677 Serv,
980 3630 1119 3679 comment.
1130 3646 1167 3693 pr.
1180 3628 1210 3677 ad
1226 3580 1330 3693 Eclogac

339 3691 513 3758 grammaticis,
539 3694 615 3742 modo
659 3708 674 3741 a
706 3690 811 3743 librariis
858 3695 878 3759 l.
896 3708 928 3752 24
938 3706 1091 3758 provocatur,
1108 3704 1331 3759 quamtamennon

336 3755 472 3815 monachia,
492 3774 597 3822 quorum
628 3774 716 3807 novam
747 3758 812 3821 quis·
857 3758 959 3807 eandem
976 3758 1022 3807 effe
1034 3772 1094 3823 puto
1103 3775 1159 3807 cum
1172 3757 1222 3817 illa,
1237 3774 1291 3822 quae
1302 3757 1330 3806 in

338 3838 385 3886 que
408 3824 621 3882 narratiunculam,
643 3839 716 3887 quam
735 3823 808 3871 lando
857 3823 967 3872 Danielis
980 3824 1102 3883 Editione,
1120 3836 1144 3873 et
1159 3824 1216 3871 hinc
1230 3821 1255 3870 in
1270 3819 1332 3882 aliia,

337 3899 470 3951 acceperat,
486 3888 617 3953 exemplari
628 3888 670 3937 suo
681 3889 810 3945 intexeret,
859 3888 957 3938 AEneidi
981 3889 1032 3937 sere
1055 3888 1162 3953 praefixa,
1184 3887 1226 3937 sub
1250 3888 1331 3938 Servii

337 3952 372 4001 ita
389 3951 435 4001 effe
453 3953 632 4017 interpolatam,
655 3964 682 4003 ut
702 3970 765 4002 nunc
782 3953 809 4001 in
857 3954 956 4002 nomine
985 3954 1160 4003 circumfertur.
1203 3952 1328 4003 Habemua

337 4016 380 4067 tali
405 4016 528 4083 farragine
543 4019 686 4083 plerumque
703 4019 750 4067 dici
769 4019 809 4068 vir
857 4019 939 4077 aliam,
954 4026 1012 4083 quae
1031 4019 1110 4069 Probo
1122 4018 1247 4068 tribuitur.
1281 4017 1330 4068 Sed

253 4140 256 4145 Ι
336 4081 416 4148 puffit,
430 4084 489 4148 quid
509 4084 602 4131 Donati
618 4083 666 4132 fide
686 4084 811 4149 prodatur,
858 4083 925 4132 nulla
936 4084 979 4143 est,
994 4084 1019 4133 in
1037 4102 1084 4150 qua
1099 4100 1149 4133 non
1165 4082 1330 4147 interpolatri-

336 4162 381 4197 nec
404 4163 444 4196 ne.
476 4149 539 4215 Qae
555 4165 594 4198 res
611 4149 650 4197 vcl
665 4164 694 4208 ex
709 4164 738 4197 eo
758 4165 809 4198 ma·
857 4164 911 4198 cem
920 4160 962 4199 aut
974 4150 1145 4199 mutilatri'ccm
1156 4162 1256 4196 inanum
1267 4145 1333 4194 foede

336 4211 479 4272 nifella‘fit,
503 4215 569 4277 quod
591 4214 670 4263 nullut
686 4208 756 4261 facile
775 4214 809 4263 est
857 4211 1133 4280 graffautemagnoseaa
1169 4214 1232 4277 Qae
1245 4208 1287 4258 alii
1298 4207 1331 4259 de

336 4279 424 4336 codex,
440 4277 465 4324 in
477 4294 526 4341 quo
541 4280 650 4327 nonvita
666 4278 719 4328 haec
735 4280 808 4328 modo
821 4279 824 4285 '
857 4280 950 4328 Donati
974 4296 1048 4345 opere
1067 4276 1208 4344 judicarint,
1231 4272 1287 4323 vide
1303 4272 1331 4323 iu

353 4341 431 4392 lenius
439 4344 514 4391 modo
525 4343 670 4401 contradiius
679 4342 808 4409 perscripta
856 4344 894 4402 iia,
910 4345 953 4409 qui
981 4346 1152 4394 aliurmanno
1172 4340 1204 4392 ad
1231 4338 1331 4392 Archo·

334 4360 440 4472 ligatur.
484 4409 521 4457 Ex
542 4408 579 4457 hia
598 4409 645 4456 viri
664 4409 740 4467 dotti,
766 4410 808 4473 qni
855 4408 949 4474 logiam
965 4408 1009 4458 lat.
1032 4411 1065 4458 T.
1083 4412 1103 4469 1,
1117 4424 1142 4471 p.
1165 4404 1212 4467 369
1230 4404 1333 4467 laudanq

352 4472 409 4522 rimi
418 4472 552 4540 Virgilium
562 4474 667 4533 edidere,
682 4474 755 4523 talem
765 4464 820 4521 tro-⁸
856 4484 907 4523 tur.
947 4474 1011 4523 Mihi
1029 4475 1129 4538 quidem
1148 4469 1238 4540 sortem
1260 4482 1330 4532 mag-

353 4538 374 4589 ia
392 4542 519 4594 Donatum
538 4540 602 4591 hune
617 4539 731 4590 videntur
750 4553 808 4588 con·
855 4553 947 4655 noiant
964 4540 1076 4592 morum
1090 4549 1116 4614 et
1130 4534 1255 4585 inmunem
1245 4532 1333 4645 ”iffi

917 4616 934 4655 a
