3575 5509
520 708 901 797 oaonorcon,
951 651 1066 781 tra.
1099 708 1150 781 11.
1221 660 1328 807 ‘299

360 1095 1328 1149 &W

403 1337 846 1523 GaoR'orcoN
889 1413 1297 1511 SECUNDUS.

352 1828 594 1964 anraNos
612 1899 779 1947 arvorum
796 1874 914 1945 cultus
930 1887 966 1945 et
981 1868 1093 1939 sidera
1109 1869 1194 1943 coeli
1210 1904 1221 1954 ς

352 2008 459 2090 Nunc
478 2028 523 2093 te,
542 2008 692 2092 Bacche,
709 2029 846 2089 canam,
858 2027 922 2073 nec
940 2026 1011 2072 non
1029 2000 1196 2071 silvestria
1212 2020 1332 2080 tecum

353 2136 529 2232 Virgulta,
547 2153 581 2215 et
597 2134 735 2228 prolem
752 2133 849 2204 tarde
865 2131 1052 2205 crescentis
1068 2134 1187 2211 olivae,
1230 2189 1264 2221 r„

353 2270 452 2358 Huc,
468 2290 603 2369 patero
621 2270 769 2352 Lenaee3
796 2270 864 2340 tuis
883 2268 941 2347 hic
958 2268 1080 2345 omnia
1095 2269 1201 2365 plena
1306 2297 1334 2366 4

388 2486 411 2522 1.
429 2475 518 2532 Deerat
529 2474 568 2531 hia
579 2474 658 2528 versun
668 2474 694 2526 in
707 2472 812 2531 Zulich„
830 2472 918 2534 scilicet
929 2483 956 2520 ut
967 2471 1028 2535 saepe
1043 2472 1116 2536 primi
1127 2472 1216 2529 versuo.
1231 2488 1246 2520 a
1261 2470 1333 2535 ehq·
1440 2467 1445 2481 ⁸

352 2546 475 2616 segraphia
485 2552 617 2616 supplendi.
645 2556 670 2599 A
682 2552 788 2599 Gesnero
799 2551 822 2598 in
831 2550 954 2606 Thesauro
963 2552 1019 2597 LL.
1031 2566 1083 2598 voc.
1093 2552 1188 2599 batim
1198 2550 1263 2605 inter
1272 2548 1335 2608 loca,

357 2627 444 2690 quibus
454 2628 514 2678 illud
526 2628 666 2683 adverbium
677 2629 792 2693 temporis
803 2627 848 2675 effe
860 2628 982 2682 interdum
996 2628 1073 2683 vidari
1088 2627 1166 2691 poffit,
1182 2626 1281 2682 affertur
1295 2626 1337 2677 hie

353 2704 434 2753 versus
444 2717 468 2753 et
479 2705 617 2770 subjicitur:
637 2714 653 2738 ‘⁸
666 2706 712 2753 Sed
731 2706 822 2769 primus
840 2704 920 2752 versus
936 2704 1000 2752 abest
1015 2706 1086 2767 plane
1096 2705 1121 2759 in
1134 2704 1204 2755 Ms.‘'
1238 2706 1333 2760 Verum
1435 2694 1438 2701 ¹

352 2782 428 2835 codex
444 2782 485 2829 ille
505 2782 642 2831 Zulichem.
662 2782 688 2836 in
700 2781 803 2847 Virgilio
814 2793 887 2831 tantae
899 2781 1049 2833 audoritatis
1058 2797 1107 2828 non
1118 2781 1170 2831 est..
1192 2783 1261 2831 Turn
1273 2798 1334 2833 vero
1416 2788 1418 2793 '

352 2856 379 2905 in
390 2869 491 2921 utraque
503 2858 586 2923 lingna
597 2859 708 2907 adverbia
720 2858 766 2907 loci
782 2870 806 2907 et
822 2859 937 2923 temporis
947 2857 1010 2906 inter
1020 2858 1044 2905 se
1056 2870 1230 2920 permutantur.
1262 2862 1295 2908 Et
1305 2860 1333 2914 h,

352 2933 369 2992 Ι.
384 2936 493 2981 Hactenus
504 2947 529 2984 et
540 2937 605 2982 Nunc
615 2937 711 3002 proprie
728 2934 804 3000 posita
817 2936 871 2983 sunt
883 2936 913 2983 de
924 2934 992 2982 loco:
1011 2950 1097 2981 verum
1107 2937 1222 2999 temporis
1231 2938 1299 2985 notio
1310 2929 1334 2989 ei

351 3009 395 3073 ipfi
406 3010 574 3069 subest.--4.
591 3014 656 3059 Nunc
662 3024 688 3077 p.
699 3028 759 3060 unua
771 3014 858 3069 Mead,
875 3023 903 3059 ut
922 3022 946 3058 et
957 3026 981 3058 r.
995 3026 1018 3071 7.
1032 3074 1034 3080 Ι
1050 3015 1090 3057 tuis
1097 3012 1139 3057 haec
1149 3028 1171 3075 o.
1188 3015 1216 3061 It.
1228 3030 1242 3060 a
1255 3014 1334 3066 Cerdo

352 3082 457 3148 aditum.
482 3091 536 3157 stant
552 3089 577 3147 in
592 3105 668 3148 unam
680 3089 798 3147 Arundel.
811 3104 839 3145 ox
850 3086 926 3153 gloffa
936 3086 1060 3155 migravit,
1075 3096 1103 3140 nt
1113 3098 1137 3142 et
1148 3087 1174 3143 in
1186 3086 1251 3144 Vols.
1260 3088 1334 3155 apud,

354 3167 437 3216 Barna

398 3352 423 3392 1.
443 3335 566 3411 Respicit
586 3334 621 3391 ad
640 3335 690 3393 lib.
710 3336 775 3404 Lv,
793 3354 818 3394 r.
869 3331 992 3390 Hesiodo
1015 3334 1141 3390 audore:
1173 3334 1232 3391 vid.
1259 3332 1332 3400 Plin.
1417 3360 1420 3364 ’

354 3409 447 3467 Po'dtae
478 3412 592 3469 exordio
624 3413 709 3469 utitur
733 3413 819 3469 Colo·
868 3409 939 3474 XV,
957 3432 982 3467 r.
1023 3410 1111 3467 Varro
1130 3411 1165 3467 R.
1180 3410 1216 3467 R.
1237 3410 1263 3479 Ι,
1283 3434 1332 3489 4¹·

355 3488 436 3543 mella
447 3486 503 3553 ΙΙΙ,
521 3507 545 3543 1.
595 3506 622 3545 2.
638 3508 664 3561 3.
680 3487 763 3545 Nunc
776 3510 819 3545 ar·
866 3488 989 3557 δυσαυξῆς
1000 3488 1073 3545 dista
1083 3487 1276 3564 Theophrasto.
1294 3491 1335 3557 cf,

355 3563 452 3620 borum
465 3582 556 3619 curam
569 3582 713 3640 exponam.
765 3568 819 3622 At·
867 3567 978 3633 Cerda;
1007 3565 1073 3621 hinc
1102 3584 1251 3653 propagare
1280 3565 1336 3641 ensi

354 3638 434 3696 bores
446 3653 588 3705 memorat,
600 3654 629 3695 ut
677 3642 819 3709 'rita‚vites‚
866 3644 1055 3718 quamserere,
1076 3643 1171 3697 maluit
1191 3658 1253 3699 aeras
1269 3646 1335 3723 pos.

354 3715 491 3793 virgulta,
511 3716 538 3774 h.
560 3735 585 3771 c.
605 3659 712 3781 arddrea
734 3717 819 3774 filves-
868 3719 969 3775 terior:
996 3718 1034 3775 of.
1057 3737 1109 3790 31³
1128 3719 1221 3783 eadem
1244 3735 1336 3786 tamen

273 3843 274 3846 ,
353 3807 421 3858 tres,
447 3808 474 3849 et
492 3793 572 3850 oleas.
612 3793 686 3850 Silve
707 3802 747 3849 ria
768 3795 818 3851 du-
887 3811 977 3871 ropter
1003 3794 1055 3851 hoc
1081 3792 1169 3870 ipsum
1193 3816 1209 3853 e
1233 3814 1336 3858 naturae

353 3869 416 3936 bito
429 3889 464 3925 an
476 3889 510 3928 ex
523 3869 628 3947 vulgari
648 3890 696 3928 uu
715 3869 819 3927 didam
866 3815 930 3948 iige
949 3872 1026 3929 firma
1045 3890 1077 3927 ac
1098 3870 1190 3941 vivax,
1229 3874 1267 3934 cf.
1280 3876 1333 3939 inf.

354 3948 397 4005 sat.
427 3946 505 4022 fila-a
525 3948 614 4034 pob'tis
634 3947 749 4004 omnino
789 3967 820 4014 ro
871 3949 935 4007 181.

353 4024 497 4082 arboribus
508 4022 624 4082 dicitur:
647 4039 676 4079 ut
689 4023 756 4102 saepe
768 3967 838 4084 ion.
915 4048 944 4102 4.
974 4022 1120 4102 Splendida
1143 4026 1335 4084 invocator...

323 4129 328 4137 ¹
353 4101 439 4168 libro,
458 4123 486 4158 v.
508 4121 535 4157 c.
560 4107 606 4159 181
619 4099 698 4175 filva
720 4109 825 4162 vivacis
871 4100 922 4169 hic,
942 4102 1029 4169 iniis,
1042 4122 1101 4179 quae
1112 4102 1265 4160 dicentura
1281 4125 1335 4173 me,

354 4178 455 4236 olivae:
480 4176 589 4236 videtur
614 4180 682 4237 adeo
696 4180 825 4257 ſslvstris
869 4177 899 4235 in
922 4194 1081 4257 argumento
1109 4179 1237 4236 carminis
1271 4179 1338 4246 inei,¹

354 4256 495 4332 epitheton
515 4274 612 4313 ornans
633 4256 694 4321 effe,
713 4271 741 4314 et
762 4262 822 4315 Vir.
869 4256 925 4324 tibi,
957 4276 1007 4333 pro
1029 4275 1079 4333 per
1104 4271 1141 4323 te,
1174 4256 1336 4314 Graecorum

350 4333 562 4410 gultaſslvestrro
575 4332 614 4390 nil
627 4332 675 4390 nifi
689 4334 770 4403 stltae,
791 4336 819 4395 h'.
868 4340 1009 4410 podtarum
1030 4333 1095 4400 usu;
1125 4332 1256 4389 beneficio
1277 4347 1336 4397 tuo,

351 4408 463 4467 'arbores
494 4408 582 4468 omnis
614 4411 728 4485 generis·
792 4434 820 4487 3.
860 4412 1003 4485 florereest
1019 4409 1076 4477 hic,
1097 4409 1259 4475 laetumess'e,
1278 4410 1338 4486 ple·

352 4483 431 4544 Olea
455 4507 471 4545 e
493 4485 592 4544 semine
610 4486 750 4548 nasciturae
766 4504 820 4547 tar·
870 4508 936 4545 nurn
960 4489 1019 4545 effe.
1071 4496 1217 4544 audumnus
1237 4497 1338 4575 pampi-

355 4559 459 4636 dissirna
483 4563 647 4635 incrementa
669 4565 728 4641 jam
752 4566 819 4637 olirn
870 4588 929 4627 neus
949 4564 985 4624 est
1002 4579 1146 4641 proventus
1166 4565 1303 4651 auctumni
1319 4585 1338 4623 o

891 4660 903 4709 Ι
1260 4660 1339 4710 W&
