3575 5509
318 4202 323 4220 ‚
407 4140 573 4211 operam:

396 713 421 779 4
518 682 594 757 DE
625 680 901 769 CARMINE
923 680 1248 787 ¹BUCOLICO.

395 901 515 955 autem
531 878 700 978 cujusque
718 896 753 950 et
771 876 951 975 judicium
968 870 1056 958 illud
1074 880 1381 981 circumscribere,

396 1025 627 1100 naturamque
655 1021 691 1075 et
717 1007 891 1075 rationem
921 1005 1091 1088 carminis
1119 1033 1163 1083 ex
1188 1009 1251 1087 suo
1278 1012 1379 1089 sensu

396 1130 499 1200 finire
520 1152 561 1200 ac
581 1126 772 1224 designare.
806 1126 924 1197 Nobis
946 1117 1065 1201 tamen
1083 1153 1168 1206 curn
1185 1133 1380 1233 Virgiliani

395 1250 616 1350 poriffimum
634 1249 801 1322 carminis
818 1250 908 1320 ratio
931 1250 1092 1323 habenda
1108 1250 1162 1340 fit,
1181 1280 1222 1327 ea
1236 1275 1379 1334 tanturn

396 1377 572 1472 attingere
603 1397 696 1444 nunc
725 1372 859 1459 licebit,
883 1398 965 1470 quae
989 1374 1036 1445 ad
1060 1374 1134 1473 ejus
1165 1378 1325 1454 indolem
1342 1402 1380 1458 et

396 1502 592 1585 artificium
609 1500 859 1574 declarandum
885 1502 1043 1597 aliquam
1068 1505 1145 1577 vim
1170 1503 1301 1578 habere
1321 1507 1380 1582 vi..

398 1629 561 1718 deantur,

447 1757 496 1828 Et
529 1758 706 1829 Carminis
733 1757 882 1855 quidem
911 1761 1051 1848 bucolici,
1075 1762 1133 1833 del
1160 1764 1217 1832 edu
1238 1766 1379 1847 antrat,

398 1880 494 1981 quod
519 1882 697 1977 pastorum
723 1905 834 1977 genus
869 1881 1144 1954 honestiffimum
1170 1899 1252 1969 erat,
1276 1880 1380 1967 dieti,

399 2012 437 2082 h.
457 2032 488 2079 e.
503 2009 674 2101 pastoritia,
699 2005 801 2102 origo
827 2006 922 2077 varie
947 2006 1110 2092 traditur,
1136 2021 1171 2077 et
1191 2029 1212 2076 a
1232 2002 1380 2076 diversis

401 2128 530 2202 fabulis
554 2128 738 2224 repetitur.
781 2122 876 2226 ¹Sunt
902 2128 965 2223 qui
992 2126 1066 2225 ejus
1092 2130 1188 2199 initia
1212 2126 1250 2197 in
1275 2143 1383 2198 aetate

401 2279 515 2340 aurea,
540 2252 619 2322 sunt
643 2251 704 2346 qui
734 2251 782 2321 in.
798 2251 954 2324 Arcadia
980 2269 1041 2324 aut
1071 2252 1108 2323 in
1138 2250 1261 2339 Sicilia
1280 2272 1380 2346 quaeq

401 2396 480 2449 rant
498 2380 528 2446 *.
595 2375 670 2445 Alii
700 2376 879 2467 auctorem
909 2375 1086 2449 Diomum
1111 2376 1279 2472 aliquem,
1319 2371 1381 2450 alii

333 2477 335 2481 Ι
404 2500 652 2586 Stefichorum,
694 2499 755 2571 alii
795 2499 1031 2571 Theocritum
1058 2499 1192 2573 faciunt
1206 2503 1241 2592 †.
1311 2501 1381 2578 Sed

402 2626 549 2699 fludluat
567 2642 641 2696 tota
657 2625 735 2697 haec
751 2624 945 2721 disputatio
956 2644 991 2697 et
1002 2626 1136 2698 incerta
1152 2626 1273 2715 fertur,
1285 2628 1382 2725 quod

404 2772 477 2819 non
504 2747 790 2820 animadvertunt
810 2748 908 2820 docti
928 2747 1008 2835 viri,
1033 2750 1125 2820 allud
1143 2749 1211 2821 elle
1237 2775 1380 2824 carmen

403 2874 639 2972 pastoritium,
663 2900 734 2971 quo
751 2876 925 2964 homines,
948 2875 1012 2972 qui
1040 2900 1165 2973 greges
1191 2874 1381 2973 pascerent,

404 3018 446 3070 ut
478 3002 601 3073 nostris
635 3000 867 3097 temporibus,
904 3000 954 3071 ita
986 3001 1112 3096 primis
1152 3001 1283 3075 statim'
1298 3002 1381 3072 vitae

405 3122 572 3196 humanae
607 3124 730 3213 initiis,
755 3125 906 3220 longum
933 3123 1032 3195 diem
1065 3124 1263 3212 fefellerint,
1286 3125 1382 3211 aliud,

405 3273 477 3343 quo
500 3250 660 3320 homines
682 3248 853 3345 ingeniosa
880 3249 965 3320 vitae
992 3250 1130 3322 rusticae
1150 3249 1243 3321 bona
1262 3272 1304 3321 ac
1320 3246 1382 3319 de.

405 3372 505 3444 licias
534 3389 628 3459 certa
655 3372 789 3442 ratione
817 3389 852 3442 et
876 3388 951 3442 arte
976 3370 1233 3445 adumbrarint.
1282 3369 1382 3442 Prius

390 3487 497 3564 ‘illud
519 3495 613 3565 haud
631 3495 739 3566 dubie
756 3496 848 3566 inter
865 3494 1121 3591 antiquiffimos
1147 3496 1317 3567 homines·
1328 3492 1383 3565 via

405 3618 496 3715 guit,
522 3636 710 3713 antequam
747 3617 783 3686 in
827 3643 976 3715 magnos
1010 3636 1126 3691 coetus
1155 3634 1190 3689 et
1224 3616 1383 3689 civitates

406 3744 579 3824 coirent;⁴
593 3742 759 3837 idemque
776 3742 867 3813 inter
895 3766 1018 3814 omnes
1042 3742 1194 3839 populos
1218 3740 1385 3814 usitatum

406 3868 473 3941 effe
490 3870 607 3956 debet,
632 3871 693 3966 qui
712 3869 782 3939 five
808 3870 917 3966 vagis,
932 3876 934 3878 ’
949 3869 1161 3941 Nomadum
1184 3890 1296 3951 more,
1316 3863 1386 3934 five

407 3994 512 4098 certis
546 3994 686 4066 sedibus
733 3993 893 4067 utentes¹
919 3994 1004 4076 dant
1040 3969 1211 4091 gregibus
1251 3985 1386 4061 alendis

444 4322 552 4381 rvid.
580 4325 686 4382 Servius
718 4347 760 4405 pr.
784 4326 870 4385 Com·
958 4322 1135 4384 †Athenaeus
1147 4319 1236 4389 XIV,
1246 4317 1385 4451 P28·613··

405 4414 490 4460 ment.
525 4403 630 4459 Auctor
657 4402 730 4461 Vitae
754 4404 871 4483 Virgilii
920 4401 1039 4461 Diodor.
1059 4394 1116 4470 IV,
1134 4406 1181 4476 84.
1207 4394 1333 4455 AEli³¹¹11s
1379 4432 1388 4465 r

407 4476 570 4537 Donatianae
581 4480 870 4548 c.21.Grammaticus
919 4481 962 4542 H.
977 4479 1020 4555 X,
1035 4482 1081 4547 182
1091 4475 1140 4554 ubi,
1150 4475 1210 4553 lid·
1221 4474 1302 4549 Nota

406 4553 520 4631 Graecus
531 4563 574 4639 pr,
587 4557 742 4637 Theocriti,

1356 4637 1394 4700 Bt
