3575 5509
472 653 495 733 o
596 656 674 732 mr
709 648 985 728 canutus
1018 607 1338 731 Buconr'co.

473 852 531 927 seu
549 845 787 943 Asclepiades,
804 844 970 917 Sicelidae
989 845 1097 933 filius,
1120 863 1160 918 ut
1176 849 1303 923 volunt
1320 849 1459 926 Gram-

474 976 608 1063 matici,
642 996 727 1045 cum
756 970 904 1057 Phileta,
930 971 1038 1068 elegis
1072 963 1263 1047 nobilitato
1279 978 1311 1066 ³,
1336 976 1459 1051 extitit

471 1099 583 1173 homo
611 1095 823 1194 ingeniosus,
857 1095 1041 1167 Theocritus
1080 1100 1236 1190 nomine,
1261 1104 1337 1199 qui,
1369 1129 1458 1179 cum

470 1221 619 1309 uideret,
644 1238 823 1316 quantam,
839 1218 994 1317 gratiam
1021 1220 1086 1293 ista
1113 1223 1273 1296 carmina
1295 1227 1399 1300 rudia
1419 1243 1457 1300 et

469 1347 613 1423 indocta
632 1344 812 1430 haberent,
834 1361 1087 1442 quantamque,
1111 1345 1138 1417 fi
1164 1364 1237 1419 arte
1253 1350 1458 1445 paullulum

469 1473 673 1569 polirentur,
713 1468 931 1543 venustatem
971 1490 1007 1544 et
1041 1472 1253 1547 suavitatem
1288 1476 1456 1551 habitura

470 1598 588 1683 effent,
607 1620 708 1692 genus
722 1596 778 1668 hoc
800 1598 951 1667 carminis
970 1597 1103 1668 bucolici
1112 1599 1342 1697 excogitavit,
1356 1602 1456 1700 quod

469 1723 657 1819 antiquam
678 1720 826 1816 quidem
843 1721 944 1793 illam
965 1719 1124 1794 indolem
1141 1705 1297 1812 referret,
1315 1728 1455 1821 politum

469 1870 590 1925 tamen
612 1850 712 1943 magis
739 1862 775 1918 et
801 1825 972 1934 excultum,
997 1846 1221 1943 numerisque
1244 1860 1285 1920 ac
1309 1848 1456 1947 legibus

317 2031 320 2038 .
442 1964 872 2065 'adstrictum'cujusque
898 1988 939 2038 ea
967 1982 1090 2038 natura
1118 1965 1214 2059 esset,
1239 1985 1280 2042 ut
1301 1971 1456 2065 pastori.

467 2096 531 2167 tiae
552 2093 649 2165 istius
668 2090 769 2180 vitae,
788 2089 889 2189 cujus
910 2088 1043 2186 species
1066 2090 1189 2163 animo
1211 2091 1368 2166 humano
1394 2096 1455 2192 ip-

468 2222 537 2295 fius
565 2238 700 2293 naturae
719 2218 877 2316 quodam
910 2216 1091 2289 lenocinio
1106 2214 1363 2314 jucundissima
1386 2220 1454 2293 effe

353 2348 356 2355 ’
468 2349 566 2433 solet,
587 2345 691 2431 bona,
705 2341 1011 2441 tranquillitatem,
1028 2340 1264 2432 securitatem,
1279 2343 1455 2420 innocen.

469 2471 570 2556 tiam,
586 2468 730 2541 delicias
747 2484 783 2538 et
803 2465 935 2565 gaudia
950 2466 1107 2538 numeris
1120 2466 1305 2566 modisque
1322 2470 1455 2545 adum-

467 2590 617 2678 brando,
657 2590 795 2663 animos
843 2589 1035 2663 hominum
1078 2592 1243 2667 deliniret
1277 2613 1314 2668 et
1351 2616 1454 2696 grata

470 2715 594 2789 fraude
617 2712 755 2787 delusos
776 2732 925 2787 teneret.
978 2714 1074 2788 Cum
1100 2735 1222 2792 autem
1246 2711 1385 2797 duolius
1413 2723 1452 2797 id

382 2936 385 2941 Ι
469 2837 691 2941 potiffimum
707 2837 941 2911 modis-effici
965 2838 1089 2936 pollet,
1109 2856 1168 2914 aut
1181 2846 1396 2935 narratione,
1412 2846 1451 2920 in

468 2989 540 3065 qua
564 2963 667 3068 simul
695 2982 891 3063 tamquam,
923 2990 945 3038 a
976 2967 1113 3062 pictore
1146 2970 1185 3042 in
1214 2973 1334 3046 tabula
1365 2972 1452 3072 agri,

469 3113 608 3187 greges,
627 3090 723 3163 filvae
747 3087 937 3186 descriptae
959 3092 1219 3179 exhiberentur,
1242 3110 1301 3168 aut
1315 3096 1452 3171 actione
1469 3099 1474 3107 '

469 3217 587 3312 aliqua
621 3217 727 3289 etad
756 3217 926 3290 dramatis
956 3216 1124 3307 formam,
1164 3243 1230 3316 per
1254 3219 1452 3320 dialogum,

404 3426 410 3448 ¹
470 3356 550 3413 tum
565 3342 806 3440 colloquentes
827 3345 921 3417 inter
939 3344 975 3416 se
999 3345 1115 3419 sensus
1141 3344 1232 3436 suos,
1260 3348 1452 3436 fortunam,

470 3461 562 3534 facta
598 3483 781 3560 exponunt
818 3491 859 3539 ac
904 3465 1104 3541 declarant:
1145 3470 1266 3565 priore
1305 3471 1452 3567 quidem

469 3587 545 3674 illo,
568 3589 666 3684 quod
685 3589 804 3685 ipsum
825 3593 1004 3689 peculiare
1022 3595 1191 3668 carminis
1210 3621 1334 3693 genus,
1357 3596 1454 3670 haud

468 3725 591 3784 tamen
612 3714 799 3811 copiosum
824 3743 865 3791 ac
894 3720 1101 3810 fecundum,
1126 3723 1290 3813 efficeret,
1314 3723 1454 3812 omiffo,

469 3832 620 3906 alterum
636 3836 797 3933 arripuit,
819 3858 855 3913 et
871 3844 1097 3940 pastoritium
1122 3870 1264 3919 carmen
1287 3848 1338 3920 ita
1364 3870 1454 3920 eon-

355 4051 360 4068 Ι
470 3952 564 4027 didit
589 3973 625 4027 et
652 3957 844 4058 descripsit,
860 3978 898 4037 ut
917 3972 1070 4040 altionem
1085 3971 1227 4065 aliquam
1243 3972 1314 4043 exi
1372 3972 1454 4041 vitae

456 4079 669 4173 stmplicitate
683 4099 716 4156 et
720 4087 900 4180 felicitate,
912 4094 976 4185 seu
997 4118 1062 4167 rem
1073 4098 1203 4191 gestam,
1216 4110 1275 4168 aut
1290 4122 1362 4193 quae
1382 4122 1454 4170 con-

468 4202 592 4298 tingere
607 4205 642 4280 in
657 4207 716 4299 ista
737 4212 811 4281 vita
823 4214 932 4308 postet,
959 4214 1098 4290 sacrum
1112 4218 1258 4316 aliquod
1272 4218 1455 4318 festumve,
1512 4247 1514 4252 ·

373 4429 377 4435 .
508 4371 528 4408 ⁸
546 4374 804 4470 Thmcr.lllI,40.
824 4382 936 4449 Mosch.
984 4390 1124 4475 Meleager
1136 4410 1267 4457 memorat
1286 4392 1317 4456 in
1330 4396 1456 4469 Corona.

469 4447 524 4512 III.
536 4455 584 4534 96.
604 4456 645 4535 sq.
684 4458 830 4521 Sicelidam
852 4465 935 4525 etiam
984 4490 1012 4531 v.
1025 4475 1076 4550 46.
1167 4511 1170 4516 -

1365 4576 1457 4654 forte
