3575 5509
400 726 451 785 ux
692 693 774 775 DE
822 696 1150 779 VIRGILII·

275 972 279 977 .
403 910 508 999 derit,
523 923 585 979 aut
599 928 707 1001 quarn
724 917 807 975 ante
821 902 944 975 oculos
968 904 1245 994 habuerit,·dum
1262 916 1382 1010 vulga-

403 1053 469 1110 tam
486 1046 672 1105 memorat.
726 1015 848 1098 Unam
868 1049 912 1099 ex
931 1026 1161 1101 Elzevirianis
1185 1031 1284 1104 fuisse
1308 1059 1383 1107 non

292 1182 295 1188 ⁴
400 1158 545 1237 dubito;
572 1149 755 1249 probabile
777 1148 830 1236 fit,
853 1148 964 1243 patris
982 1150 1139 1223 Danielis
1156 1153 1267 1227 fuisse.
1317 1157 1382 1228 In-

400 1278 542 1352 terdum
580 1292 699 1346 tamen
724 1268 923 1343 lherianam
957 1271 1158 1363 leelionem,
1190 1299 1274 1371 quae
1308 1295 1383 1349 erat

288 1417 290 1422 ’
401 1399 547 1473 Aldinae
576 1393 706 1491 primae
745 1392 817 1464 vel·
840 1390 1016 1481 secundae,
1046 1414 1142 1470 notoe
1182 1396 1252 1471 suae
1284 1422 1382 1495 prae-

402 1523 498 1597 fixit»

451 1643 575 1717 Codices
599 1639 727 1740 quibus
754 1637 796 1717 P.
825 1642 1028 1715 Burmannus
1054 1643 1135 1718 usus
1166 1646 1226 1733 est,
1256 1672 1380 1719 omnes

401 1770 476 1843 sere
489 1770 567 1841 sunt
585 1784 737 1841 recentes
754 1753 819 1842 nec
836 1769 958 1865 magni
976 1770 1149 1842 momenti
1158 1772 1381 1868 omninoque

401 1894 463 1965 ille
479 1892 593 1965 sordes
610 1891 656 1961 ab
673 1888 823 1962 Heinsio
834 1889 963 1985 spretas
977 1891 1071 1962 inani
1083 1915 1189 1987 opera
1200 1915 1285 1963 cum
1296 1892 1381 1987 pul·

401 2017 536 2090 visculo
549 2017 760 2091 convertisse
775 2015 948 2088 dicendus
966 2018 1026 2088 est.

450 2144 574 2216 Codex
599 2145 729 2239 Regz‘us,
762 2167 781 2215 e
812 2142 1029 2229 bibliotheca
1053 2144 1166 2241 Regia
1187 2145 1381 2236 ·Parifienfi‚

369 2283 371 2290 ’
400 2253 550 2340 Heinfio
561 2266 748 2353 concellus,
765 2266 828 2362 qui
838 2266 916 2360 post
926 2263 1001 2362 ejus
1013 2284 1167 2339 mortem
1181 2270 1219 2339 in
1233 2269 1382 2364 Rykiana

399 2388 619 2483 supelledlili,
644 2414 730 2461 mox
754 2388 847 2483 apud
864 2388 1073 2479 Masticium,
1097 2390 1158 2484 qui
1184 2391 1379 2464 editionem

398 2509 498 2581 suam
511 2512 554 2583 ad
572 2537 653 2583 eum
671 2508 872 2583 recensuisse
888 2509 998 2582 videri
1016 2509 1169 2596 volebat,
1181 2510 1263 2583 hinc
1280 2512 1378 2605 apud
1412 2486 1416 2492 .

400 2633 553 2722 Hulstum,
572 2630 762 2705 Consulem
780 2632 987 2729 Haganum,
1013 2631 1091 2718 suit,
1118 2632 1214 2703 unde
1235 2632 1299 2704 sub
1318 2636 1380 2706 Co-

400 2758 480 2829 dicis
496 2760 643 2849 Huffiani
656 2760 801 2831 nomine
816 2756 988 2841 laudatur,
1001 2774 1041 2826 ut
1051 2757 1145 2853 apud
1160 2757 1376 2830 Masvicium

399 2880 464 2956 sub
481 2882 674 2972 Peristerfis,
698 2900 733 2953 et
749 2880 898 2953 tandem
918 2878 1122 2952 Bibliotheca
1140 2879 1285 2971 leidenst
1298 2882 1378 2952 illa-

400 3021 457 3077 tus
483 3004 541 3074 est.
592 3001 772 3097 Antiquos
806 3000 908 3071 valde
932 3017 967 3071 et
1005 3002 1179 3096 egregius,
1204 3019 1238 3073 et
1263 3005 1377 3077 Servii

399 3127 657 3200 commentario
666 3125 851 3203 insttudlus
862 3122 922 3195 esta
937 3147 970 3193 v.
982 3123 1061 3219 post
1073 3122 1224 3195 Masvic.
1235 3124 1376 3220 praesat.

398 3249 551 3321 Burman
557 3274 641 3321 num
656 3250 693 3320 in
704 3248 840 3346 praesat.
853 3242 899 3319 ad
913 3246 1040 3343 Virgil.
1054 3261 1088 3317 et
1105 3248 1222 3341 patrui
1234 3249 1375 3345 Admo

399 3376 573 3449 uitionem
591 3377 635 3450 de
651 3376 749 3452 Edit.
769 3363 933 3449 Masvic.¹
1404 3357 1407 3362 ⁵
1437 3460 1439 3465 ,

306 3549 309 3554 <
450 3500 573 3573 Codex
604 3504 836 3595 Parrhastanus
865 3532 885 3578 a
919 3507 1114 3603 possessore,
1147 3530 1255 3603 quem
1285 3508 1375 3579 olim

395 3619 531 3711 habuit,
547 3625 638 3716 Jano
655 3625 845 3715 Parrhasio,
862 3632 924 3725 qui
943 3620 1021 3699 tum
1038 3631 1208 3701 variantes
1225 3648 1260 3701 et
1272 3639 1379 3700 ‘notas'

397 3749 550 3845 margini
567 3750 805 3847 adscripscrat,
822 3775 901 3827 tum
914 3756 1027 3827 multa
1040 3755 1109 3826 alia
1126 3739 1160 3826 ih
1180 3752 1374 3849 Virgilium

394 3890 656 3944 commentatus
669 3894 754 3964 erat,
766 3876 877 3973 quaea
890 3881 1094 3952 Burmanno
1110 3876 1213 3974 praes.
1227 3878 1249 3918 *
1259 3880 1277 3919 ³*
1289 3878 1308 3919 *
1319 3878 1376 3969 *4

396 4005 450 4091 (p.
468 3991 525 4089 13)
552 4017 764 4069 enarrantur.
815 4000 889 4074 Hic
910 4003 1033 4074 Codex
1058 4000 1094 4070 in
1118 3988 1375 4070 bibliothecam

394 4119 511 4192 Henr.
528 4118 674 4192 Adriani
694 4122 827 4194 Markii
844 4142 1063 4218 pervenerat,
1080 4122 1172 4195 unde
1192 4147 1212 4192 a
1234 4121 1376 4192 Masvi-

374 4246 453 4317 ¹eio
477 4245 672 4316 Markt'aizm
694 4247 904 4341 appellatur,
929 4274 972 4321 ex
1004 4249 1069 4320 hac
1099 4247 1138 4318 in
1162 4241 1375 4317 Hulfianam

394 4385 430 4439 et
462 4368 605 4439 tandem
638 4370 675 4439 in
701 4369 956 4442 bibliothecam
989 4368 1201 4442 Leidensem
1225 4365 1372 4439 transiit.

388 4490 487 4574 cous.
514 4490 554 4563 P.
580 4490 773 4565 Burmanni
797 4493 987 4566 'Admouit
1018 4494 1063 4568 de
1087 4492 1189 4566 Edit.
1216 4486 1373 4580 Masvic,

312 4595 323 4614 ’
584 4638 604 4691 2
1170 4608 1373 4708 Interpola-
1428 4669 1430 4675 .
