3575 5509
562 682 977 792 caeremon,
1017 685 1134 778 rm
1174 691 1274 796 m„
1321 713 1400 813 «μς
1444 611 1447 616 ’

376 951 378 954 -
410 892 1400 1009 Jamquedolnummiransgenetricimethumidaregna,

369 1110 374 1123 ,
408 1036 665 1139 speluncisque
681 1038 779 1109 lacus
796 1038 945 1126 clausos,
963 1038 1136 1136 lucosque
1153 1040 1323 1136 sonantia·

407 1169 500 1266 Ibat,
518 1194 563 1264 et,
580 1176 718 1274 ingenti
735 1148 837 1249 motu
854 1176 1067 1273 stupefactus
1083 1150 1272 1277 aquarum,
1320 1185 1396 1287 3⁶5.

406 1312 542 1387 Omnia
557 1311 622 1384 sub
638 1337 769 1410 magna
786 1311 944 1384 labentia
959 1313 1108 1389 flumina
1126 1332 1219 1393 terra
1328 1403 1331 1420 ἴ

757 1537 815 1602 363.
828 1541 925 1605 genetrr‘n
941 1540 1017 1591 Rom·

403 1725 672 1817 quemingtedimur,
684 1738 792 1807 mlttere,
804 1737 871 1796 dum
919 1736 1061 1824 prodeant.
1111 1733 1158 1795 Est
1182 1747 1273 1798 tamen
1294 1736 1392 1804 eadem

401 1831 523 1892 pereum
537 1816 686 1875 transimus.
720 1882 721 1885 Ἴ
920 1813 969 1869 asta
995 1826 1111 1871 caverna
1134 1827 1275 1894 tamquam
1298 1815 1395 1893 aliqua
1501 1816 1506 1821 ’

442 1897 509 1969 363.
532 1893 613 1951 Hanc
635 1889 809 1950 mirationem
821 1904 871 1947 no·
921 1889 1008 1965 regia,
1028 1888 1058 1946 in
1078 1908 1133 1968 qua
1154 1892 1197 1949 dii
1218 1890 1308 1958 fluvii,
1326 1892 1392 1950 son·

404 1981 499 2028 varum
521 1986 609 2027 rerum
632 1968 663 2026 in
682 1966 788 2045 juvenis
810 1966 872 2024 ani·
920 1964 990 2023 tium
1011 1985 1044 2025 ue
1056 1967 1132 2043 Nym
1151 1966 1205 2038 hae,
1223 1967 1392 2046 suapalatia,

403 2058 462 2114 mo,
494 2065 659 2123 quamquam
698 2044 777 2124 gravi
807 2062 873 2103 cura
920 2042 981 2101 suos
1023 2044 1122 2101 alamos
1133 1987 1261 2114 labeant,
1274 2064 1393 2122 quorum

398 2124 533 2200 oppresso,
564 2122 674 2211 egregie
713 2120 871 2188 memorari,
920 2138 1005 2177 unum
1023 2121 1131 2197 Cyrene
1151 2140 1213 2180 cum
1232 2121 1285 2180 suis
1298 2124 1393 2200 Nym*

397 2200 473 2257 unus
488 2199 580 2277 uisque
598 2199 681 2257 facile
703 2197 872 2256 animadver-
919 2196 981 2273 plria
1002 2198 1118 2257 tenebat.
1157 2199 1311 2259 Secundum
1330 2200 1392 2260 haec
1445 2256 1448 2261 .

399 2289 450 2335 tat.
468 2222 672 2333 ql'elemachum
687 2275 871 2333 Homericum
919 2272 1000 2331 facile
1019 2275 1071 2333 erit
1084 2272 1234 2348 intellectu,
1253 2277 1322 2355 quid
1335 2276 1389 2335 fint
1490 2324 1493 2328 .

400 2359 489 2429 poeta
510 2352 601 2411 nostro
614 2366 676 2411 ante
689 2351 872 2412 oculossuilse
908 2350 1035 2427 speluncis
1047 2352 1116 2411 lacus
1128 2352 1216 2429 claust,
1237 2353 1258 2413 s.
1279 2353 1390 2424 inclufi,

399 2430 533 2487 versatum
547 2429 642 2506 Odyll.
654 2431 679 2497 δ,
698 2450 734 2519 43
747 2429 807 2519 sqq.
821 2449 870 2507 pu·
916 2424 965 2561 qui
976 2427 1038 2487 sunt
1049 2428 1079 2486 in
1090 2429 1234 2509 speluncis,
1246 2430 1274 2490 h.
1283 2443 1390 2510 magna

339 2522 343 2531 ’
399 2507 476 2563 tabat
500 2508 601 2576 Cerda,
641 2508 788 2565 Gravrons
809 2526 869 2564 mo·
915 2503 1390 2587 ilaecavemaerecipiendisaquisg

399 2582 486 2643 menti
499 2584 871 2661 resellet,licertoaffirmare
919 2600 986 2714 quas
1000 2619 1003 2623 ›
1018 2582 1067 2661 ipsi
1097 2584 1185 2651 sontes
1215 2584 1410 2659 scaturientet„

400 2664 511 2738 possem,
531 2663 603 2721 unde
615 2682 658 2730 ea,
679 2680 740 2740 quae
752 2662 867 2739 sequun·
932 2658 1035 2726 aciunt,
1054 2676 1082 2740 et
1098 2664 1171 2720 unde
1187 2682 1258 2741 aqua
1276 2664 1390 2742 exsupe-

400 2754 457 2809 tur,
476 2740 593 2800 hauserit
611 2745 703 2818 poeta.
743 2740 806 2796 Sive
827 2739 868 2817 Α.
919 2754 979 2793 rans
991 2739 1078 2796 amnis
1088 2737 1138 2798 fite
1161 2741 1227 2801 AEn.
1241 2738 1325 2807 VIII,
1338 2762 1389 2819 74.
1455 2752 1458 2760 ’

399 2816 591 2876 lexandrinum
613 2817 667 2875 five
684 2816 867 2893 antiquiorem
920 2832 956 2892 75
971 2814 1005 2872 de
1018 2814 1170 2874 Tiberino:
1209 2818 1267 2894 Quo
1286 2832 1310 2875 te
1325 2841 1390 2876 cun.

398 2894 518 2972 aliquem
548 2900 657 2973 poetam
682 2908 743 2951 ante
774 2893 868 2951 oculos
917 2912 965 2967 que
985 2890 1169 2952 lacus-Fonte
1188 2895 1264 2962 tener,
1280 2918 1390 2973 quoeun-

399 2971 496 3049 utique
518 2971 632 3041 habuit;
656 2971 726 3031 forte
749 2969 867 3047 philoso‘
917 2990 964 3045 que
965 2967 1020 3042 fila
1024 2969 1206 3046 pulcherrimus
1221 2978 1284 3030 exis.
1322 2972 1388 3032 lucae

398 3048 483 3127 phum
506 3049 637 3126 aliquem,
657 3048 705 3124 qui
725 3048 759 3104 de
778 3065 867 3104 rerum
906 3048 1043 3118 sonantem
1063 3066 1127 3104 cum
1147 3068 1182 3107 ex
1196 3048 1391 3110 illiecavernis

394 3125 555 3204 ,originibus
577 3123 711 3193 tradebat,
729 3138 757 3181 et
780 3124 869 3181 Ocea·
917 3134 979 3196 orta
1009 3121 1121 3182 flumina
1176 3124 1304 3183 recedant
1334 3126 1388 3184 ali-

398 3220 465 3262 num
477 3203 599 3261 omnium
612 3203 724 3265 dearum
740 3200 868 3258 deorum·
917 3211 1050 3275 quantum
1062 3199 1115 3258 viae
1128 3146 1219 3259 sulter
1229 3215 1311 3271 terra,
1333 3202 1389 3260 do·

399 3302 454 3358 que
478 3294 593 3357 patrem,
618 3295 646 3337 et
668 3298 766 3355 aquam
791 3296 866 3336 com-
917 3294 966 3332 nec
987 3277 1022 3333 ad
1035 3277 1140 3354 superas
1152 3298 1228 3336 auras
1240 3280 1385 3355 prodeant.

400 3373 481 3416 mune
505 3357 629 3413 omnium
651 3372 740 3414 rerum
763 3349 866 3432 princi·
917 3350 983 3409 huic
1021 3352 1075 3411 viae
1105 3354 1199 3413 littora
1229 3355 1387 3414 nemoribus
1419 3411 1424 3420 ,

398 3434 477 3511 pium
494 3430 616 3493 canebat.
637 3433 675 3492 cs.
693 3433 744 3490 inf.
755 3454 784 3489 v.
800 3438 865 3505 381.
916 3428 1013 3498 obsita,
1038 3451 1098 3509 quae
1121 3432 1229 3510 strepitu
1254 3451 1390 3510 aquarum

400 3517 469 3585 382.
510 3510 599 3586 (Bona
612 3510 647 3567 ad
658 3508 687 3569 h.
700 3510 720 3566 1.
731 3509 767 3565 est
780 3507 870 3585 Voflli
916 3506 1075 3567 alluentium
1101 3508 1236 3577 resonant,
1259 3529 1315 3567 non
1339 3505 1389 3568 in«

398 3587 545 3667 disputatio
556 3587 592 3646 d'e
600 3602 720 3655 veterum
736 3584 866 3674 opinione
917 3585 1062 3643 commode
1082 3586 1142 3644 dari
1161 3599 1283 3665 potuere.
1322 3586 1389 3645 Ser.
1436 3610 1440 3616 ·

394 3664 477 3743 super
496 3664 609 3723 Oceano
629 3663 738 3741 ejusque
759 3681 790 3719 m
811 3656 865 3723 vis·
916 3660 975 3717 vius
995 3661 1092 3720 miram
1116 3664 1162 3721 hic
1174 3678 1269 3722 notam
1281 3664 1386 3722 habeta

397 3752 460 3800 cera
481 3755 557 3800 terrae
574 3740 730 3800 insinuantis
743 3733 769 3797 se
782 3738 865 3797 reces-
916 3738 1051 3798 Hac-ex
1073 3742 1201 3825 AEgyptiis
1219 3752 1306 3799 traela
1317 3749 1388 3817 suna
1422 3761 1425 3766 ¹

396 3819 490 3896 sibus.)
531 3820 614 3879 Certe
630 3824 714 3895 poeta
734 3816 781 3873 hic
811 3835 866 3874 non
906 3819 1011 3889 sacru:
1048 3842 1107 3877 nam
1138 3825 1211 3877 certis
1233 3818 1327 3887 diebus,
1353 3826 1387 3879 ia

398 3893 503 3973 sontem
526 3895 607 3954 Penei
627 3894 674 3954 sed
693 3893 793 3951 vallam
814 3892 865 3949 ali·
905 3894 990 3964 sacris
1009 3893 1077 3960 lVili,
1089 3904 1176 3972 paeri,
1194 3898 1225 3954 de
1233 3899 1316 3971 saeris
1330 3912 1385 3974 pa-

399 3994 481 4051 quam
498 3992 639 4040 cavernam
657 3970 706 4030 sub
720 3985 790 4028 terra
804 3989 865 4028 nar.
916 3968 1026 4028 rentibus
1063 3980 1130 4043 nati,
1168 3996 1187 4031 a
1210 3974 1386 4053 vsacerdotibus

397 4064 450 4121 tat,
468 4070 484 4110 e
505 4070 570 4129 qua,
597 4062 653 4107 tam
691 4067 735 4107 am
755 4066 771 4105 e
790 4066 865 4104 com·
916 4045 1039 4123 Nymphis
1071 4049 1216 4109 dabantur:
1242 4047 1300 4109 'eui
1326 4072 1383 4108 ema

398 4128 476 4187 muni
492 4130 578 4197 fonte,
599 4126 644 4186 sed
679 4123 864 4202 'v‘erfispartl·
914 4122 1086 4202 a‘dolevffnt,
1105 4130 1199 4187 redditi
1225 4126 1383 4195 narrabant,

398 4200 450 4283 bus
473 4211 505 4264 aa
528 4205 608 4274 locis,
634 4202 727 4263 omnia
752 4200 865 4261 flumina
914 4200 978 4260 lucas
996 4204 1099 4281 effesab
1114 4216 1186 4262 terris
1197 4220 1221 4261 et
1241 4210 1384 4282 immensam

397 4296 459 4340 orta
479 4280 588 4340 diversis
604 4281 657 4340 vila
675 4281 710 4339 ad
729 4294 805 4339 tetrae
821 4279 863 4344 su·
914 4294 1009 4358 aquam
1039 4292 1120 4341 omnia
1149 4289 1318 4347 continentem,
1347 4302 1382 4339 ex

394 4355 534 4439 perficiem
549 4373 576 4417 et
598 4360 633 4419 ad
649 4359 724 4417 suam
736 4357 864 4437 quodque
912 4379 963 4435 qua
986 4369 1076 4420 cunlla
1094 4372 1268 4437 procreantur.
1309 4359 1383 4416 Unde
1443 4413 1446 4419 ,

397 4436 440 4495 ori
462 4436 695 4573 'nelnlptoper'eut
706 4448 733 4497 et
745 4448 864 4501 exterra
913 4436 946 4513 est
952 4436 1029 4575 Illld
1036 4439 1171 4517 secundm
1193 4432 1308 4496 Thaleta
1326 4442 1382 4572 2¹1ng
1514 4499 1522 4505 ,

411 4570 414 4575 «
459 4534 519 4587 OM.
549 4554 559 4579 ι
1058 4529 1061 4533 -
1232 4536 1234 4540 Ι
1276 4532 1383 4593 V032
1523 4578 1528 4585 ,

1307 4769 1332 4799 b
