3575 5509
394 732 466 798 mr
679 704 1104 791 PRAEFATIO

393 949 526 1016 eorum,
554 954 638 1034 quae
668 925 708 1004 in
737 912 916 1004 'AEneidis
946 911 1136 1004 aeconomia
1170 917 1386 1029 reprehendi

388 1062 550 1172 prffunt.

329 1298 339 1308 ,
447 1200 547 1277 Sunt
562 1198 652 1291 alia,
684 1225 773 1309 quae
805 1198 853 1277 ad
881 1214 1088 1277 externum
1115 1193 1241 1302 operis
1269 1189 1386 1272 habi«

395 1355 481 1417 tum
499 1334 689 1445 specstant,
705 1339 747 1415 in
762 1334 906 1445 quibus
921 1331 1124 1440 diligentia
1142 1321 1317 1409 adhibita
1328 1328 1385 1407 est

396 1493 541 1586 quanta
558 1473 730 1554 adhiberi
749 1475 877 1581 potuit
892 1511 906 1565 3
936 1472 1116 1579 inprimis
1135 1488 1178 1547 ut
1197 1468 1389 1548 emenda«

396 1612 538 1693 tiffime
557 1608 728 1721 expressa
746 1611 864 1691 essent
883 1610 930 1688 ab
949 1608 1077 1716 operis
1096 1609 1243 1689 omnia.
1275 1609 1385 1686 Cum

398 1748 442 1828 in
460 1765 647 1827 contextu
666 1756 792 1856 poeltae
812 1745 1017 1826 inductam
1036 1743 1084 1822 ab
1112 1742 1275 1822 Heinsio
1294 1742 1387 1822 scri-

397 1883 518 1964 bendi
545 1884 734 1964 rationem
767 1883 916 1962 nollem
946 1872 1241 1987 deserere,⁵qua
1268 1876 1316 1956 de
1344 1903 1387 1957 rc

399 2018 533 2129 postea
546 2019 711 2112 dicetur,
729 2018 872 2110 retinui
890 1992 931 2095 in
950 2016 1054 2097 notis
1067 2015 1227 2095 alteram
1245 2012 1388 2093 sollen-

400 2185 509 2250 nem‚
538 2185 628 2267 quae
647 2178 685 2237 et
703 2155 786 2266 ipsa
813 2155 1011 2235 interdum
1037 2182 1108 2263 pro
1133 2151 1388 2247 illustratione

366 2333 369 2338 ¹
402 2292 480 2372 effe
497 2293 623 2401 potest
639 2298 678 2374 ³¹⁵.
1374 2299 1376 2304 ’

460 2424 675 2507 Induxerat
699 2428 741 2506 in
768 2429 947 2508 animum
978 2427 1173 2520 librarium
1206 2427 1407 2510 honestus*

401 2565 479 2657 vir,
509 2585 737 2645 ornamenta
768 2567 907 2646 addere
942 2548 1034 2645 huic
1062 2566 1225 2645 editioni
1251 2565 1388 2675 figuris

284 2747 286 2752 .
403 2723 480 2780 aere
498 2698 698 2808 expreffis,
727 2677 730 2683 ,
756 2700 852 2779 Non
881 2698 982 2779 sol‘eo
1010 2699 1197 2807 equidem
1226 2697 1318 2779 huic
1336 2700 1410 2778 li-¹

403 2832 566 2925 brorum
586 2833 710 2941 pretia
728 2829 1068 2913 excandesaciendi
1098 2834 1259 2915 consilio
1282 2833 1390 2913 mul-

405 2989 493 3050 tum
512 2969 708 3061 tribuere;
738 2970 904 3050 omnino
933 2971 1041 3048 enim
1068 2969 1206 3051 a'luxu
1229 2966 1306 3049 hoc
1325 2988 1392 3077 ty·-

405 3104 662 3217 pographico,
690 3086 731 3185 in
753 3133 832 3214 quo
864 3092 993 3186 nostra
1025 3126 1118 3187 aetas
1150 3106 1220 3187 fibi
1248 3091 1389 3217 placet)

445 3339 465 3372 ⁴*
485 3341 526 3395 At
538 3340 599 3397 sunt
610 3342 663 3399 alia
675 3343 784 3400 levioris
799 3346 941 3413 momenti,
954 3345 983 3402 in
993 3345 1092 3423 quibus
1102 3347 1178 3405 nolui
1192 3345 1274 3406 nimis
1286 3345 1392 3418 severus

405 3426 553 3503 essesquia
573 3429 641 3485 tanti
657 3449 712 3487 rem
732 3450 787 3488 non
808 3431 858 3487 effe
881 3433 1027 3508 putabam3
1050 3454 1079 3491 v.
1091 3451 1118 3491 c.
1132 3437 1206 3512 quod
1227 3434 1389 3510 syllabarum

406 3513 506 3605 divido
517 3530 544 3573 et
556 3535 640 3573 nexus
653 3515 688 3572 ab
700 3517 788 3593 operis
799 3518 919 3576 librariis
929 3540 963 3576 eo
984 3523 1066 3597 modo
1078 3522 1164 3594 fastus
1182 3523 1229 3596 est,
1248 3541 1328 3600 quem
1339 3529 1391 3599 prd

407 3624 472 3663 vcro
481 3623 512 3661 ac
522 3605 593 3682 justu
606 3606 705 3663 habere
718 3627 774 3663 non
786 3608 904 3685 pullum:
926 3630 988 3669 cum
1002 3632 1029 3668 v.
1043 3632 1069 3669 c.
1089 3612 1217 3671 scribitur
1228 3612 1259 3671 in
1270 3626 1391 3671 extrema

406 3693 479 3763 linea
489 3716 536 3751 auc
547 3728 560 3740 ·
574 3694 603 3751 in
615 3695 824 3766 altera-tamnus5
844 3720 881 3776 ag
893 3733 905 3745 ·
920 3722 985 3767 men,
1005 3714 1033 3757 et
1054 3700 1090 3757 fic
1102 3720 1196 3779 porro.
1234 3703 1294 3758 Aut
1312 3698 1332 3757 st
1346 3698 1391 3756 in·

407 3780 559 3857 terpunstio
570 3781 606 3839 ad
618 3782 720 3861 calcem
730 3784 918 3859 parenthescos
928 3788 1050 3865 ponitur,
1069 3801 1097 3869 et
1109 3788 1145 3868 fic
1155 3790 1221 3847 alia.
1237 3844 1242 3861 ,
1260 3786 1393 3861 Νοιηίηἰς

407 3864 458 3924 bus
480 3867 599 3926 virorum
617 3870 770 3937 dollurum,
790 3892 857 3950 quos
879 3878 1101 3945 commemoravi,
1120 3875 1244 3952 inprimis
1262 3876 1320 3935 vita
1343 3876 1392 3933 de-

290 3986 294 4001 ·
406 3954 575 4023 fundorum,
595 3958 676 4016 nolui
691 3958 794 4038 ubique
822 3962 940 4039 adjicere
958 3964 1071 4023 honoris
1089 3965 1194 4023 cautla:
1217 3962 1324 4024 VirCI.
1344 3975 1392 4028 aut

409 4065 467 4125 quo
479 4065 551 4104 nunc
565 4047 591 4105 se
610 4063 705 4109 mutuo
728 4051 831 4108 honore
856 4056 1020 4132 compellant
1040 4056 1088 4111 Vir
1103 4054 1151 4113 Ill.
1193 4058 1299 4128 Totum
1317 4056 1391 4115 hunc

408 4141 512 4194 mo'rer'n
525 4135 655 4207 facetum,
675 4140 719 4197 seu
732 4141 821 4199 verius
832 4140 965 4220 ineptum,
984 4164 1039 4221 quo
1050 4136 1165 4204 caedimus
1184 4164 1209 4205 et
1220 4131 1322 4220 aaran
1328 4144 1392 4224 pla,

408 4232 455 4305 gir
467 4230 621 4300 consumimus
638 4228 736 4303 hostem,
758 4229 867 4287 utinam·
885 4232 1019 4291 sublatum
1039 4235 1097 4291 esse»
1110 4236 1191 4293 vellet
1211 4233 1393 4306 aetasnostra·

410 4310 480 4373 Non
491 4332 525 4367 ex
535 4315 597 4372 loco
608 4330 636 4373 et
649 4317 746 4373 ordine
761 4338 792 4375 ac
807 4319 955 4396 dignitate,
975 4342 1067 4381 verum
1080 4344 1114 4382 ex
1124 4324 1248 4403 ingenio,
1268 4320 1393 4381 doctrina

364 4403 366 4408 ’
410 4403 439 4462 ct
451 4403 564 4471 meritis,
583 4405 635 4462 viri
649 4406 763 4464 litterati
774 4408 834 4465 sunt
847 4408 988 4480 censendi3
1009 4427 1037 4470 et
1050 4416 1161 4473 nomine
1178 4413 1326 4493 cujuspiam
1343 4432 1392 4472 au-

409 4490 470 4568 dito
481 4492 669 4572 assurgendum
682 4496 731 4564 est,
751 4517 807 4556 non
821 4498 945 4560 tituloet
958 4501 1061 4562 honore
1072 4506 1257 4585 pronuntiato.
1372 4525 1375 4533 ·

1250 4634 1392 4724 palum
