<?xml version="1.0" encoding="UTF-8"?>
<!DOCTYPE html PUBLIC "-//W3C//DTD XHTML 1.0 Transitional//EN"
    "http://www.w3.org/TR/xhtml1/DTD/xhtml1-transitional.dtd">
<html xmlns="http://www.w3.org/1999/xhtml" xml:lang="en" lang="en">
 <head>
  <title>
</title>
<meta http-equiv="Content-Type" content="text/html;charset=utf-8" />
  <meta name='ocr-system' content='tesseract 3.04.00' />
  <meta name='ocr-capabilities' content='ocr_page ocr_carea ocr_par ocr_line ocrx_word'/>
</head>
<body>
  <div class='ocr_page' id='page_1' title='image "./operavarietatel00virggoog/operavarietatel00virggoog_0175.png"; bbox 0 0 3575 5509; ppageno 0'>
   <div class='ocr_carea' id='block_1_1' title="bbox 470 691 1340 812">
    <p class='ocr_par' dir='ltr' id='par_1_1' title="bbox 470 669 1340 812">
     <span class='ocr_line' id='line_1_1' title="bbox 470 691 1340 812; baseline 0.008 -43"><span class='ocrx_word' id='word_1_1' title='bbox 470 691 911 812; x_wconf 74' lang='lat' dir='ltr'>¹t⁷1m1&gt;.v1uurn11</span> <span class='ocrx_word' id='word_1_2' title='bbox 938 697 1189 775; x_wconf 70' lang='lat' dir='ltr'>Minoum.</span> <span class='ocrx_word' id='word_1_3' title='bbox 1244 725 1340 776; x_wconf 63' lang='lat' dir='ltr'>clxv</span> 
     </span>
    </p>
   </div>
   <div class='ocr_carea' id='block_1_2' title="bbox 269 882 1414 1585">
    <p class='ocr_par' dir='ltr' id='par_1_2' title="bbox 269 882 1414 1585">
     <span class='ocr_line' id='line_1_2' title="bbox 345 882 1376 975; baseline 0 -28"><span class='ocrx_word' id='word_1_4' title='bbox 345 886 516 967; x_wconf 69' lang='lat' dir='ltr'>insubjetta</span> <span class='ocrx_word' id='word_1_5' title='bbox 541 887 608 946; x_wconf 83' lang='lat' dir='ltr'>fossa</span> <span class='ocrx_word' id='word_1_6' title='bbox 634 902 713 965; x_wconf 89' lang='lat' dir='ltr'>partu</span> <span class='ocrx_word' id='word_1_7' title='bbox 736 890 826 946; x_wconf 74' lang='lat' dir='ltr'>leiata</span> <span class='ocrx_word' id='word_1_8' title='bbox 850 888 897 947; x_wconf 85' lang='lat' dir='ltr'>est.</span> <span class='ocrx_word' id='word_1_9' title='bbox 936 886 1037 947; x_wconf 88' lang='lat' dir='ltr'>Femnt</span> <span class='ocrx_word' id='word_1_10' title='bbox 1056 889 1203 959; x_wconf 85' lang='lat' dir='ltr'>infantem,</span> <span class='ocrx_word' id='word_1_11' title='bbox 1223 882 1376 975; x_wconf 80' lang='lat' dir='ltr'>utsuit&#39;4</span> 
     </span>
     <span class='ocr_line' id='line_1_3' title="bbox 345 977 1337 1055; baseline -0.001 -19"><span class='ocrx_word' id='word_1_12' title='bbox 345 978 446 1047; x_wconf 83' lang='lat' dir='ltr'>editus,</span> <span class='ocrx_word' id='word_1_13' title='bbox 465 999 516 1036; x_wconf 83' lang='lat' dir='ltr'>noc</span> <span class='ocrx_word' id='word_1_14' title='bbox 549 977 659 1055; x_wconf 82' lang='lat' dir='ltr'>vagisse,</span> <span class='ocrx_word' id='word_1_15' title='bbox 678 992 705 1035; x_wconf 90' lang='lat' dir='ltr'>et</span> <span class='ocrx_word' id='word_1_16' title='bbox 727 980 795 1035; x_wconf 84' lang='lat' dir='ltr'>adeo</span> <span class='ocrx_word' id='word_1_17' title='bbox 827 977 889 1035; x_wconf 91' lang='lat' dir='ltr'>miti</span> <span class='ocrx_word' id='word_1_18' title='bbox 923 978 999 1035; x_wconf 86' lang='lat' dir='ltr'>vultu</span> <span class='ocrx_word' id='word_1_19' title='bbox 1022 979 1109 1046; x_wconf 87' lang='lat' dir='ltr'>suisse,</span> <span class='ocrx_word' id='word_1_20' title='bbox 1141 994 1172 1037; x_wconf 94' lang='lat' dir='ltr'>ut</span> <span class='ocrx_word' id='word_1_21' title='bbox 1196 979 1263 1036; x_wconf 87' lang='lat' dir='ltr'>haut</span> <span class='ocrx_word' id='word_1_22' title='bbox 1286 980 1337 1036; x_wconf 92' lang='lat' dir='ltr'>du-</span> 
     </span>
     <span class='ocr_line' id='line_1_4' title="bbox 323 1064 1414 1151; baseline 0.001 -29"><span class='ocrx_word' id='word_1_23' title='bbox 323 1065 420 1125; x_wconf 67' lang='lat' dir='ltr'>‘biam</span> <span class='ocrx_word' id='word_1_24' title='bbox 439 1066 518 1144; x_wconf 87' lang='lat' dir='ltr'>spem</span> <span class='ocrx_word' id='word_1_25' title='bbox 539 1065 715 1143; x_wconf 84' lang='lat' dir='ltr'>prosperioris</span> <span class='ocrx_word' id='word_1_26' title='bbox 739 1064 869 1144; x_wconf 86' lang='lat' dir='ltr'>geniturae</span> <span class='ocrx_word' id='word_1_27' title='bbox 890 1065 946 1140; x_wconf 89' lang='lat' dir='ltr'>jam</span> <span class='ocrx_word' id='word_1_28' title='bbox 972 1079 1031 1123; x_wconf 92' lang='lat' dir='ltr'>tum</span> <span class='ocrx_word' id='word_1_29' title='bbox 1052 1067 1195 1125; x_wconf 89' lang='lat' dir='ltr'>indicaret.</span> <span class='ocrx_word' id='word_1_30' title='bbox 1235 1067 1272 1123; x_wconf 88' lang='lat' dir='ltr'>Et</span> <span class='ocrx_word' id='word_1_31' title='bbox 1292 1085 1337 1124; x_wconf 91' lang='lat' dir='ltr'>ac·</span> <span class='ocrx_word' id='word_1_32' title='bbox 1355 1081 1381 1151; x_wconf 65' lang='lat'>”5</span> <span class='ocrx_word' id='word_1_33' title='bbox 1404 1069 1414 1079; x_wconf 88' lang='lat'>&#39;</span> 
     </span>
     <span class='ocr_line' id='line_1_5' title="bbox 343 1152 1332 1231; baseline 0.001 -18"><span class='ocrx_word' id='word_1_34' title='bbox 343 1156 417 1213; x_wconf 85' lang='lat' dir='ltr'>cellit</span> <span class='ocrx_word' id='word_1_35' title='bbox 443 1156 520 1213; x_wconf 85' lang='lat' dir='ltr'>aliud</span> <span class='ocrx_word' id='word_1_36' title='bbox 546 1153 727 1231; x_wconf 69' lang='lat' dir='ltr'>praesagium:</span> <span class='ocrx_word' id='word_1_37' title='bbox 760 1152 890 1230; x_wconf 76' lang='lat' dir='ltr'>siquidem</span> <span class='ocrx_word' id='word_1_38' title='bbox 926 1153 1007 1229; x_wconf 88' lang='lat' dir='ltr'>virga</span> <span class='ocrx_word' id='word_1_39' title='bbox 1030 1156 1154 1231; x_wconf 88' lang='lat' dir='ltr'>populea,</span> <span class='ocrx_word' id='word_1_40' title='bbox 1187 1175 1263 1214; x_wconf 83' lang='lat' dir='ltr'>more</span> <span class='ocrx_word' id='word_1_41' title='bbox 1293 1175 1332 1213; x_wconf 88' lang='lat' dir='ltr'>re·</span> 
     </span>
     <span class='ocr_line' id='line_1_6' title="bbox 343 1235 1337 1322; baseline 0 -21"><span class='ocrx_word' id='word_1_42' title='bbox 343 1244 435 1321; x_wconf 86' lang='lat' dir='ltr'>gionis</span> <span class='ocrx_word' id='word_1_43' title='bbox 459 1235 503 1301; x_wconf 56' lang='lat' dir='ltr'>&#39;in</span> <span class='ocrx_word' id='word_1_44' title='bbox 527 1242 676 1322; x_wconf 85' lang='lat' dir='ltr'>puerperiis</span> <span class='ocrx_word' id='word_1_45' title='bbox 701 1241 795 1298; x_wconf 86' lang='lat' dir='ltr'>eodem</span> <span class='ocrx_word' id='word_1_46' title='bbox 821 1240 910 1297; x_wconf 84' lang='lat' dir='ltr'>statim</span> <span class='ocrx_word' id='word_1_47' title='bbox 937 1242 1000 1299; x_wconf 89' lang='lat' dir='ltr'>loco</span> <span class='ocrx_word' id='word_1_48' title='bbox 1034 1242 1157 1320; x_wconf 71' lang='lat' dir='ltr'>depasta,</span> <span class='ocrx_word' id='word_1_49' title='bbox 1189 1244 1229 1300; x_wconf 89' lang='lat' dir='ltr'>ita</span> <span class='ocrx_word' id='word_1_50' title='bbox 1260 1242 1337 1302; x_wconf 92' lang='lat' dir='ltr'>brevi</span> 
     </span>
     <span class='ocr_line' id='line_1_7' title="bbox 269 1330 1336 1409; baseline 0 -21"><span class='ocrx_word' id='word_1_51' title='bbox 269 1348 273 1356; x_wconf 88' lang='lat'><strong>·</strong></span> <span class='ocrx_word' id='word_1_52' title='bbox 343 1332 461 1400; x_wconf 77' lang='lat' dir='ltr'><strong>coaluit,</strong></span> <span class='ocrx_word' id='word_1_53' title='bbox 481 1347 523 1409; x_wconf 14' lang='lat' dir='ltr'>&lt;ut</span> <span class='ocrx_word' id='word_1_54' title='bbox 548 1334 635 1389; x_wconf 91' lang='lat' dir='ltr'>multo</span> <span class='ocrx_word' id='word_1_55' title='bbox 661 1345 723 1387; x_wconf 87' lang='lat' dir='ltr'>ante</span> <span class='ocrx_word' id='word_1_56' title='bbox 748 1330 815 1387; x_wconf 85' lang='lat' dir='ltr'>satas</span> <span class='ocrx_word' id='word_1_57' title='bbox 843 1331 960 1407; x_wconf 86' lang='lat' dir='ltr'>populos</span> <span class='ocrx_word' id='word_1_58' title='bbox 995 1331 1154 1408; x_wconf 72' lang='lat' dir='ltr'>adaequarit.</span> <span class='ocrx_word' id='word_1_59' title='bbox 1178 1383 1183 1388; x_wconf 88' lang='lat'>.</span> <span class='ocrx_word' id='word_1_60' title='bbox 1203 1331 1275 1406; x_wconf 81' lang='lat' dir='ltr'>Quae</span> <span class='ocrx_word' id='word_1_61' title='bbox 1294 1340 1336 1389; x_wconf 79' lang='lat' dir='ltr'>a&#39;r-</span> 
     </span>
     <span class='ocr_line' id='line_1_8' title="bbox 343 1416 1337 1499; baseline 0.001 -22"><span class='ocrx_word' id='word_1_62' title='bbox 343 1416 395 1477; x_wconf 92' lang='lat' dir='ltr'>bor</span> <span class='ocrx_word' id='word_1_63' title='bbox 418 1420 537 1499; x_wconf 80' lang='lat' dir='ltr'>Virgilii</span> <span class='ocrx_word' id='word_1_64' title='bbox 554 1438 589 1475; x_wconf 88' lang='lat' dir='ltr'>ex</span> <span class='ocrx_word' id='word_1_65' title='bbox 612 1438 645 1475; x_wconf 86' lang='lat' dir='ltr'>eo</span> <span class='ocrx_word' id='word_1_66' title='bbox 669 1418 741 1476; x_wconf 77' lang='lat' dir='ltr'>dista</span> <span class='ocrx_word' id='word_1_67' title='bbox 763 1432 850 1495; x_wconf 76' lang='lat' dir='ltr'>atquo</span> <span class='ocrx_word' id='word_1_68' title='bbox 865 1417 1019 1476; x_wconf 85' lang='lat' dir='ltr'>consecrata</span> <span class='ocrx_word' id='word_1_69' title='bbox 1042 1422 1100 1487; x_wconf 87' lang='lat' dir='ltr'>est;</span> <span class='ocrx_word' id='word_1_70' title='bbox 1122 1420 1225 1478; x_wconf 86' lang='lat' dir='ltr'>summa</span> <span class='ocrx_word' id='word_1_71' title='bbox 1244 1420 1337 1497; x_wconf 86' lang='lat' dir='ltr'>gravi·-</span> 
     </span>
     <span class='ocr_line' id='line_1_9' title="bbox 342 1504 1334 1585; baseline 0.002 -20"><span class='ocrx_word' id='word_1_72' title='bbox 342 1508 441 1567; x_wconf 90' lang='lat' dir='ltr'>darum</span> <span class='ocrx_word' id='word_1_73' title='bbox 461 1524 489 1568; x_wconf 87' lang='lat' dir='ltr'>et</span> <span class='ocrx_word' id='word_1_74' title='bbox 514 1504 793 1585; x_wconf 80' lang='lat' dir='ltr'>setarum&#39;religione,</span> <span class='ocrx_word' id='word_1_75' title='bbox 823 1504 1028 1585; x_wconf 83' lang='lat' dir='ltr'>suscipientium</span> <span class='ocrx_word' id='word_1_76' title='bbox 1054 1508 1096 1566; x_wconf 90' lang='lat' dir='ltr'>ibi</span> <span class='ocrx_word' id='word_1_77' title='bbox 1122 1523 1150 1566; x_wconf 83' lang='lat' dir='ltr'>et</span> <span class='ocrx_word' id='word_1_78' title='bbox 1170 1507 1334 1567; x_wconf 82' lang='lat' dir='ltr'>soluentium</span> 
     </span>
    </p>
   </div>
   <div class='ocr_carea' id='block_1_3' title="bbox 342 1611 417 1657">
    <p class='ocr_par' dir='ltr' id='par_1_3' title="bbox 342 1611 417 1657">
     <span class='ocr_line' id='line_1_10' title="bbox 342 1611 417 1657; baseline 0.04 -4"><span class='ocrx_word' id='word_1_79' title='bbox 342 1611 417 1657; x_wconf 72' lang='lat' dir='ltr'><strong>vota·</strong></span> 
     </span>
    </p>
   </div>
   <div class='ocr_carea' id='block_1_4' title="bbox 385 1642 1373 1761">
    <p class='ocr_par' dir='ltr' id='par_1_4' title="bbox 385 1642 1373 1761">
     <span class='ocr_line' id='line_1_11' title="bbox 385 1642 1373 1761; baseline 0.001 -19"><span class='ocrx_word' id='word_1_80' title='bbox 385 1686 425 1745; x_wconf 92' lang='lat' dir='ltr'>II.</span> <span class='ocrx_word' id='word_1_81' title='bbox 457 1683 543 1742; x_wconf 89' lang='lat' dir='ltr'>Initio</span> <span class='ocrx_word' id='word_1_82' title='bbox 563 1662 664 1752; x_wconf 78' lang='lat' dir='ltr'>¹aetatis,</span> <span class='ocrx_word' id='word_1_83' title='bbox 688 1685 720 1742; x_wconf 91' lang='lat' dir='ltr'>id</span> <span class='ocrx_word' id='word_1_84' title='bbox 756 1684 803 1750; x_wconf 85' lang='lat' dir='ltr'>est,</span> <span class='ocrx_word' id='word_1_85' title='bbox 841 1683 925 1760; x_wconf 86' lang='lat' dir='ltr'>usque</span> <span class='ocrx_word' id='word_1_86' title='bbox 962 1682 998 1739; x_wconf 84' lang='lat' dir='ltr'>ad</span> <span class='ocrx_word' id='word_1_87' title='bbox 1035 1680 1179 1761; x_wconf 80' lang='lat' dir='ltr'>septimum</span> <span class='ocrx_word' id='word_1_88' title='bbox 1218 1642 1373 1758; x_wconf 72' lang='lat' dir='ltr'>annum,6</span> 
     </span>
    </p>
   </div>
   <div class='ocr_carea' id='block_1_5' title="bbox 345 1771 1332 1851">
    <p class='ocr_par' dir='ltr' id='par_1_5' title="bbox 345 1771 1332 1851">
     <span class='ocr_line' id='line_1_12' title="bbox 345 1771 1332 1851; baseline -0.002 -18"><span class='ocrx_word' id='word_1_89' title='bbox 345 1775 491 1833; x_wconf 83' lang='lat' dir='ltr'>Cremonae</span> <span class='ocrx_word' id='word_1_90' title='bbox 502 1774 560 1851; x_wconf 82' lang='lat' dir='ltr'>egit</span> <span class='ocrx_word' id='word_1_91' title='bbox 571 1800 579 1844; x_wconf 92' lang='lat'>;</span> <span class='ocrx_word' id='word_1_92' title='bbox 600 1789 627 1831; x_wconf 86' lang='lat' dir='ltr'>et</span> <span class='ocrx_word' id='word_1_93' title='bbox 650 1773 710 1830; x_wconf 90' lang='lat' dir='ltr'>XV</span> <span class='ocrx_word' id='word_1_94' title='bbox 732 1792 803 1830; x_wconf 88' lang='lat' dir='ltr'>anno</span> <span class='ocrx_word' id='word_1_95' title='bbox 822 1772 934 1831; x_wconf 82' lang='lat' dir='ltr'>virilem</span> <span class='ocrx_word' id='word_1_96' title='bbox 958 1787 1051 1847; x_wconf 87' lang='lat' dir='ltr'>togam</span> <span class='ocrx_word' id='word_1_97' title='bbox 1076 1772 1160 1848; x_wconf 84' lang='lat' dir='ltr'>cepit,</span> <span class='ocrx_word' id='word_1_98' title='bbox 1181 1771 1237 1829; x_wconf 87' lang='lat' dir='ltr'>illis</span> <span class='ocrx_word' id='word_1_99' title='bbox 1255 1773 1332 1831; x_wconf 88' lang='lat' dir='ltr'>Con-</span> 
     </span>
    </p>
   </div>
   <div class='ocr_carea' id='block_1_6' title="bbox 344 1859 1427 1941">
    <p class='ocr_par' dir='ltr' id='par_1_6' title="bbox 344 1859 1427 1941">
     <span class='ocr_line' id='line_1_13' title="bbox 344 1859 1427 1941; baseline 0.004 -22"><span class='ocrx_word' id='word_1_100' title='bbox 344 1861 447 1921; x_wconf 87' lang='lat' dir='ltr'>sulibus</span> <span class='ocrx_word' id='word_1_101' title='bbox 472 1862 585 1931; x_wconf 83' lang='lat' dir='ltr'>iterum,</span> <span class='ocrx_word' id='word_1_102' title='bbox 617 1863 717 1941; x_wconf 88' lang='lat' dir='ltr'>quibus</span> <span class='ocrx_word' id='word_1_103' title='bbox 743 1875 821 1918; x_wconf 84' lang='lat' dir='ltr'>natus</span> <span class='ocrx_word' id='word_1_104' title='bbox 847 1877 916 1917; x_wconf 85' lang='lat' dir='ltr'>erat.</span> <span class='ocrx_word' id='word_1_105' title='bbox 968 1859 1132 1935; x_wconf 84' lang='lat' dir='ltr'>Evenitque,</span> <span class='ocrx_word' id='word_1_106' title='bbox 1154 1875 1184 1917; x_wconf 92' lang='lat' dir='ltr'>ut</span> <span class='ocrx_word' id='word_1_107' title='bbox 1209 1881 1243 1918; x_wconf 86' lang='lat' dir='ltr'>co</span> <span class='ocrx_word' id='word_1_108' title='bbox 1274 1862 1334 1941; x_wconf 91' lang='lat' dir='ltr'>ipso</span> <span class='ocrx_word' id='word_1_109' title='bbox 1375 1900 1378 1903; x_wconf 79' lang='grc'><em>·</em></span> <span class='ocrx_word' id='word_1_110' title='bbox 1425 1874 1427 1881; x_wconf 83' lang='grc'><em>’</em></span> 
     </span>
    </p>
   </div>
   <div class='ocr_carea' id='block_1_7' title="bbox 305 1946 1373 2290">
    <p class='ocr_par' dir='ltr' id='par_1_7' title="bbox 305 1946 1373 2290">
     <span class='ocr_line' id='line_1_14' title="bbox 305 1946 1373 2034; baseline -0.011 -24"><span class='ocrx_word' id='word_1_111' title='bbox 305 2026 309 2034; x_wconf 86' lang='lat'>.</span> <span class='ocrx_word' id='word_1_112' title='bbox 342 1952 388 2009; x_wconf 90' lang='lat' dir='ltr'>die</span> <span class='ocrx_word' id='word_1_113' title='bbox 403 1952 547 2009; x_wconf 87' lang='lat' dir='ltr'>Lucretius</span> <span class='ocrx_word' id='word_1_114' title='bbox 567 1959 651 2029; x_wconf 69' lang='lat' dir='ltr'>potita</span> <span class='ocrx_word' id='word_1_115' title='bbox 676 1950 837 2007; x_wconf 84' lang='lat' dir='ltr'>discederet.</span> <span class='ocrx_word' id='word_1_116' title='bbox 876 1950 928 2005; x_wconf 86' lang='lat' dir='ltr'>Sed</span> <span class='ocrx_word' id='word_1_117' title='bbox 950 1946 1091 2025; x_wconf 87' lang='lat' dir='ltr'>Virgilius</span> <span class='ocrx_word' id='word_1_118' title='bbox 1113 1948 1249 2005; x_wconf 83' lang='lat' dir='ltr'>Cremona</span> <span class='ocrx_word' id='word_1_119' title='bbox 1263 1949 1333 2010; x_wconf 84' lang='lat' dir='ltr'>Me.</span> <span class='ocrx_word' id='word_1_120' title='bbox 1354 1974 1373 2031; x_wconf 89' lang='lat'><em>7</em></span> 
     </span>
     <span class='ocr_line' id='line_1_15' title="bbox 341 2034 1334 2116; baseline 0 -19"><span class='ocrx_word' id='word_1_121' title='bbox 341 2040 486 2098; x_wconf 87' lang='lat' dir='ltr'>diolanum</span> <span class='ocrx_word' id='word_1_122' title='bbox 509 2054 538 2098; x_wconf 88' lang='lat' dir='ltr'>et</span> <span class='ocrx_word' id='word_1_123' title='bbox 565 2041 629 2097; x_wconf 87' lang='lat' dir='ltr'>inde</span> <span class='ocrx_word' id='word_1_124' title='bbox 650 2039 743 2116; x_wconf 89' lang='lat' dir='ltr'>paullo</span> <span class='ocrx_word' id='word_1_125' title='bbox 767 2039 823 2114; x_wconf 88' lang='lat' dir='ltr'>post</span> <span class='ocrx_word' id='word_1_126' title='bbox 846 2035 995 2113; x_wconf 87' lang='lat' dir='ltr'>Neapolim</span> <span class='ocrx_word' id='word_1_127' title='bbox 1015 2034 1136 2113; x_wconf 75' lang='lat' dir='ltr'>transiit.</span> <span class='ocrx_word' id='word_1_128' title='bbox 1186 2035 1247 2094; x_wconf 91' lang='lat' dir='ltr'>Ubi</span> <span class='ocrx_word' id='word_1_129' title='bbox 1271 2058 1334 2097; x_wconf 91' lang='lat' dir='ltr'>curn</span> 
     </span>
     <span class='ocr_line' id='line_1_16' title="bbox 342 2121 1364 2204; baseline -0.001 -21"><span class='ocrx_word' id='word_1_130' title='bbox 342 2128 443 2184; x_wconf 85' lang='lat' dir='ltr'>litteris</span> <span class='ocrx_word' id='word_1_131' title='bbox 469 2140 495 2183; x_wconf 85' lang='lat' dir='ltr'>et</span> <span class='ocrx_word' id='word_1_132' title='bbox 517 2126 627 2183; x_wconf 85' lang='lat' dir='ltr'>Graecis</span> <span class='ocrx_word' id='word_1_133' title='bbox 656 2141 683 2181; x_wconf 87' lang='lat' dir='ltr'>et</span> <span class='ocrx_word' id='word_1_134' title='bbox 707 2123 814 2181; x_wconf 91' lang='lat' dir='ltr'>Latinis</span> <span class='ocrx_word' id='word_1_135' title='bbox 835 2121 1089 2180; x_wconf 80' lang='lat' dir='ltr'>vehementissimam</span> <span class='ocrx_word' id='word_1_136' title='bbox 1113 2140 1222 2199; x_wconf 87' lang='lat' dir='ltr'>operam</span> <span class='ocrx_word' id='word_1_137' title='bbox 1245 2124 1334 2182; x_wconf 85' lang='lat' dir='ltr'>dedis-</span> <span class='ocrx_word' id='word_1_138' title='bbox 1362 2198 1364 2204; x_wconf 70' lang='lat'>‚</span> 
     </span>
     <span class='ocr_line' id='line_1_17' title="bbox 334 2208 1335 2290; baseline 0 -19"><span class='ocrx_word' id='word_1_139' title='bbox 334 2214 395 2281; x_wconf 87' lang='lat' dir='ltr'>set,</span> <span class='ocrx_word' id='word_1_140' title='bbox 415 2215 526 2271; x_wconf 86' lang='lat' dir='ltr'>tandem</span> <span class='ocrx_word' id='word_1_141' title='bbox 552 2211 630 2271; x_wconf 90' lang='lat' dir='ltr'>omni</span> <span class='ocrx_word' id='word_1_142' title='bbox 656 2231 721 2270; x_wconf 86' lang='lat' dir='ltr'>cura</span> <span class='ocrx_word' id='word_1_143' title='bbox 739 2210 870 2290; x_wconf 84' lang='lat' dir='ltr'>omnique</span> <span class='ocrx_word' id='word_1_144' title='bbox 892 2210 981 2269; x_wconf 88' lang='lat' dir='ltr'>studio</span> <span class='ocrx_word' id='word_1_145' title='bbox 999 2208 1113 2271; x_wconf 78' lang='lat' dir='ltr'>indulsit</span> <span class='ocrx_word' id='word_1_146' title='bbox 1135 2210 1281 2270; x_wconf 76' lang='lat' dir='ltr'>medicina</span> <span class='ocrx_word' id='word_1_147' title='bbox 1307 2226 1335 2271; x_wconf 86' lang='lat' dir='ltr'>et</span> 
     </span>
    </p>
   </div>
   <div class='ocr_carea' id='block_1_8' title="bbox 347 2306 556 2367">
    <p class='ocr_par' dir='ltr' id='par_1_8' title="bbox 347 2306 556 2367">
     <span class='ocr_line' id='line_1_18' title="bbox 347 2306 556 2367; baseline 0 0"><span class='ocrx_word' id='word_1_148' title='bbox 347 2306 556 2367; x_wconf 84' lang='lat' dir='ltr'>mathematicae.</span> 
     </span>
    </p>
   </div>
   <div class='ocr_carea' id='block_1_9' title="bbox 342 2477 1407 2619">
    <p class='ocr_par' dir='ltr' id='par_1_9' title="bbox 342 2477 1407 2619">
     <span class='ocr_line' id='line_1_19' title="bbox 374 2477 1374 2554; baseline 0.007 -19"><span class='ocrx_word' id='word_1_149' title='bbox 374 2489 398 2550; x_wconf 62' lang='lat'>5.</span> <span class='ocrx_word' id='word_1_150' title='bbox 415 2505 440 2547; x_wconf 83' lang='lat'>4.</span> <span class='ocrx_word' id='word_1_151' title='bbox 457 2491 596 2554; x_wconf 81' lang='lat' dir='ltr'>prospert‘orir</span> <span class='ocrx_word' id='word_1_152' title='bbox 618 2491 732 2553; x_wconf 82' lang='lat' dir='ltr'>geniturae;</span> <span class='ocrx_word' id='word_1_153' title='bbox 758 2477 812 2537; x_wconf 84' lang='lat' dir='ltr'>seli·</span> <span class='ocrx_word' id='word_1_154' title='bbox 858 2492 1003 2553; x_wconf 57' lang='lat' dir='ltr'>epituspuead</span> <span class='ocrx_word' id='word_1_155' title='bbox 1011 2492 1095 2537; x_wconf 79' lang='lat' dir='ltr'>virilem</span> <span class='ocrx_word' id='word_1_156' title='bbox 1104 2501 1179 2551; x_wconf 67' lang='lat' dir='ltr'>togam.</span> <span class='ocrx_word' id='word_1_157' title='bbox 1189 2491 1334 2546; x_wconf 72' lang='lat' dir='ltr'>Sumebatur,</span> <span class='ocrx_word' id='word_1_158' title='bbox 1371 2538 1374 2542; x_wconf 83' lang='grc'><strong><em>,</em></strong></span> 
     </span>
     <span class='ocr_line' id='line_1_20' title="bbox 342 2552 1407 2619; baseline 0.007 -17"><span class='ocrx_word' id='word_1_159' title='bbox 342 2552 375 2602; x_wconf 78' lang='lat' dir='ltr'>cia</span> <span class='ocrx_word' id='word_1_160' title='bbox 397 2567 471 2612; x_wconf 84' lang='lat' dir='ltr'>ortus,</span> <span class='ocrx_word' id='word_1_161' title='bbox 499 2554 606 2618; x_wconf 87' lang='lat' dir='ltr'>prosperi</span> <span class='ocrx_word' id='word_1_162' title='bbox 635 2554 687 2610; x_wconf 86' lang='lat' dir='ltr'>sati,</span> <span class='ocrx_word' id='word_1_163' title='bbox 711 2554 810 2619; x_wconf 83' lang='lat' dir='ltr'>benigni</span> <span class='ocrx_word' id='word_1_164' title='bbox 858 2554 900 2603; x_wconf 87' lang='lat' dir='ltr'>illa</span> <span class='ocrx_word' id='word_1_165' title='bbox 914 2557 987 2604; x_wconf 79' lang='lat' dir='ltr'>mo‘do</span> <span class='ocrx_word' id='word_1_166' title='bbox 1001 2557 1061 2610; x_wconf 89' lang='lat' dir='ltr'>XV,</span> <span class='ocrx_word' id='word_1_167' title='bbox 1077 2558 1151 2603; x_wconf 88' lang='lat' dir='ltr'>modo</span> <span class='ocrx_word' id='word_1_168' title='bbox 1172 2558 1244 2613; x_wconf 86' lang='lat' dir='ltr'>XVI,</span> <span class='ocrx_word' id='word_1_169' title='bbox 1259 2558 1333 2608; x_wconf 92' lang='lat' dir='ltr'>XVll</span> <span class='ocrx_word' id='word_1_170' title='bbox 1404 2557 1407 2569; x_wconf 67' lang='lat'><strong>¹</strong></span> 
     </span>
    </p>
   </div>
   <div class='ocr_carea' id='block_1_10' title="bbox 341 2618 811 2683">
    <p class='ocr_par' dir='ltr' id='par_1_10' title="bbox 341 2618 811 2683">
     <span class='ocr_line' id='line_1_21' title="bbox 341 2618 811 2683; baseline -0.006 -15"><span class='ocrx_word' id='word_1_171' title='bbox 341 2619 510 2683; x_wconf 88' lang='lat' dir='ltr'>horoscopi,ut</span> <span class='ocrx_word' id='word_1_172' title='bbox 525 2635 553 2667; x_wconf 80' lang='lat' dir='ltr'>ea</span> <span class='ocrx_word' id='word_1_173' title='bbox 565 2636 611 2667; x_wconf 81' lang='lat' dir='ltr'>vor</span> <span class='ocrx_word' id='word_1_174' title='bbox 623 2618 736 2666; x_wconf 76' lang='lat' dir='ltr'>Suetonio</span> <span class='ocrx_word' id='word_1_175' title='bbox 748 2621 811 2683; x_wconf 79' lang='lat' dir='ltr'>Aug.</span> 
     </span>
    </p>
   </div>
   <div class='ocr_carea' id='block_1_11' title="bbox 862 2620 1310 2689">
    <p class='ocr_par' dir='ltr' id='par_1_11' title="bbox 862 2620 1310 2689">
     <span class='ocr_line' id='line_1_22' title="bbox 862 2620 1310 2689; baseline 0.004 -22"><span class='ocrx_word' id='word_1_176' title='bbox 862 2636 926 2667; x_wconf 83' lang='lat' dir='ltr'>anno</span> <span class='ocrx_word' id='word_1_177' title='bbox 937 2620 968 2668; x_wconf 88' lang='lat' dir='ltr'>cs.</span> <span class='ocrx_word' id='word_1_178' title='bbox 980 2620 1024 2668; x_wconf 78' lang='lat' dir='ltr'>inf.</span> <span class='ocrx_word' id='word_1_179' title='bbox 1036 2620 1120 2668; x_wconf 87' lang='lat' dir='ltr'>Vitam</span> <span class='ocrx_word' id='word_1_180' title='bbox 1129 2621 1160 2669; x_wconf 90' lang='lat' dir='ltr'>ad</span> <span class='ocrx_word' id='word_1_181' title='bbox 1168 2624 1200 2670; x_wconf 85' lang='lat' dir='ltr'>U.</span> <span class='ocrx_word' id='word_1_182' title='bbox 1210 2624 1239 2671; x_wconf 88' lang='lat' dir='ltr'>C.</span> <span class='ocrx_word' id='word_1_183' title='bbox 1252 2622 1310 2689; x_wconf 86' lang='lat'>699.</span> 
     </span>
    </p>
   </div>
   <div class='ocr_carea' id='block_1_12' title="bbox 318 2682 1331 2761">
    <p class='ocr_par' dir='ltr' id='par_1_12' title="bbox 318 2682 1331 2761">
     <span class='ocr_line' id='line_1_23' title="bbox 318 2682 1331 2761; baseline 0.003 -31"><span class='ocrx_word' id='word_1_184' title='bbox 318 2700 384 2761; x_wconf 44' lang='grc' dir='ltr'>ς94.</span> <span class='ocrx_word' id='word_1_185' title='bbox 415 2685 493 2747; x_wconf 83' lang='lat' dir='ltr'>Calig.</span> <span class='ocrx_word' id='word_1_186' title='bbox 507 2696 548 2743; x_wconf 83' lang='lat'>57.</span> <span class='ocrx_word' id='word_1_187' title='bbox 570 2684 655 2732; x_wconf 87' lang='lat' dir='ltr'>Vitell.</span> <span class='ocrx_word' id='word_1_188' title='bbox 668 2698 691 2744; x_wconf 83' lang='lat'>3.</span> <span class='ocrx_word' id='word_1_189' title='bbox 714 2684 828 2748; x_wconf 67' lang='lat' dir='ltr'>Vespass·</span> <span class='ocrx_word' id='word_1_190' title='bbox 893 2686 996 2747; x_wconf 62' lang='lat' dir='ltr'>eventisque</span> <span class='ocrx_word' id='word_1_191' title='bbox 1015 2697 1037 2731; x_wconf 80' lang='lat' dir='ltr'>ut</span> <span class='ocrx_word' id='word_1_192' title='bbox 1056 2706 1077 2730; x_wconf 85' lang='lat' dir='ltr'>eo</span> <span class='ocrx_word' id='word_1_193' title='bbox 1098 2686 1141 2750; x_wconf 78' lang='lat' dir='ltr'>ipsa</span> <span class='ocrx_word' id='word_1_194' title='bbox 1161 2682 1197 2734; x_wconf 69' lang='lat' dir='ltr'>&#39;die</span> <span class='ocrx_word' id='word_1_195' title='bbox 1219 2690 1331 2735; x_wconf 73' lang='lat' dir='ltr'>Lucretius</span> 
     </span>
    </p>
   </div>
   <div class='ocr_carea' id='block_1_13' title="bbox 240 2749 815 4492">
    <p class='ocr_par' dir='ltr' id='par_1_13' title="bbox 342 2749 657 2817">
     <span class='ocr_line' id='line_1_24' title="bbox 342 2749 657 2817; baseline 0 -21"><span class='ocrx_word' id='word_1_196' title='bbox 342 2763 384 2817; x_wconf 53' lang='lat'>35.</span> <span class='ocrx_word' id='word_1_197' title='bbox 401 2749 453 2796; x_wconf 90' lang='lat' dir='ltr'>Tit.</span> <span class='ocrx_word' id='word_1_198' title='bbox 465 2765 489 2812; x_wconf 86' lang='lat'>9.</span> <span class='ocrx_word' id='word_1_199' title='bbox 505 2751 540 2796; x_wconf 85' lang='lat' dir='ltr'>lta</span> <span class='ocrx_word' id='word_1_200' title='bbox 549 2750 657 2796; x_wconf 84' lang='lat' dir='ltr'>Gronov.</span> 
     </span>
    </p>

    <p class='ocr_par' dir='ltr' id='par_1_14' title="bbox 340 2815 812 3203">
     <span class='ocr_line' id='line_1_25' title="bbox 375 2815 812 2877; baseline -0.002 -16"><span class='ocrx_word' id='word_1_201' title='bbox 375 2815 398 2876; x_wconf 60' lang='grc' dir='ltr'>ἕ.</span> <span class='ocrx_word' id='word_1_202' title='bbox 414 2828 438 2874; x_wconf 85' lang='lat'>5.</span> <span class='ocrx_word' id='word_1_203' title='bbox 463 2816 494 2860; x_wconf 80' lang='lat' dir='ltr'>Et</span> <span class='ocrx_word' id='word_1_204' title='bbox 510 2833 553 2860; x_wconf 63' lang='lat' dir='ltr'>asce</span> <span class='ocrx_word' id='word_1_205' title='bbox 567 2824 585 2859; x_wconf 78' lang='lat' dir='ltr'>rt</span> <span class='ocrx_word' id='word_1_206' title='bbox 602 2816 662 2872; x_wconf 77' lang='lat' dir='ltr'>aliud</span> <span class='ocrx_word' id='word_1_207' title='bbox 677 2815 812 2877; x_wconf 75' lang='lat' dir='ltr'>praesizgium.</span> 
     </span>
     <span class='ocr_line' id='line_1_26' title="bbox 341 2878 812 2941; baseline -0.008 -14"><span class='ocrx_word' id='word_1_208' title='bbox 341 2880 374 2927; x_wconf 84' lang='lat' dir='ltr'>Et</span> <span class='ocrx_word' id='word_1_209' title='bbox 385 2892 426 2927; x_wconf 83' lang='lat' dir='ltr'>aut</span> <span class='ocrx_word' id='word_1_210' title='bbox 441 2878 569 2926; x_wconf 86' lang='lat' dir='ltr'>delendum</span> <span class='ocrx_word' id='word_1_211' title='bbox 585 2891 625 2925; x_wconf 87' lang='lat' dir='ltr'>aut</span> <span class='ocrx_word' id='word_1_212' title='bbox 641 2879 726 2941; x_wconf 73' lang='lat' dir='ltr'>Accessit</span> <span class='ocrx_word' id='word_1_213' title='bbox 743 2888 762 2923; x_wconf 81' lang='lat' dir='ltr'>et</span> <span class='ocrx_word' id='word_1_214' title='bbox 778 2878 812 2923; x_wconf 88' lang='lat' dir='ltr'>le-</span> 
     </span>
     <span class='ocr_line' id='line_1_27' title="bbox 340 2942 810 3007; baseline -0.009 -15"><span class='ocrx_word' id='word_1_215' title='bbox 340 2945 446 3007; x_wconf 84' lang='lat' dir='ltr'>gendum</span> <span class='ocrx_word' id='word_1_216' title='bbox 459 2943 513 3001; x_wconf 79' lang='lat' dir='ltr'>csse,</span> <span class='ocrx_word' id='word_1_217' title='bbox 524 2946 632 2989; x_wconf 81' lang='lat' dir='ltr'>Gronov.</span> <span class='ocrx_word' id='word_1_218' title='bbox 646 2955 737 2989; x_wconf 81' lang='lat' dir='ltr'>monet.</span> <span class='ocrx_word' id='word_1_219' title='bbox 755 2942 810 2988; x_wconf 91' lang='lat' dir='ltr'>Hoc</span> 
     </span>
     <span class='ocr_line' id='line_1_28' title="bbox 340 3009 812 3073; baseline -0.004 -18"><span class='ocrx_word' id='word_1_220' title='bbox 340 3009 483 3073; x_wconf 83' lang='lat' dir='ltr'>praesagium</span> <span class='ocrx_word' id='word_1_221' title='bbox 503 3010 629 3055; x_wconf 87' lang='lat' dir='ltr'>eSueton.</span> <span class='ocrx_word' id='word_1_222' title='bbox 651 3012 714 3071; x_wconf 86' lang='lat' dir='ltr'>Aug.</span> <span class='ocrx_word' id='word_1_223' title='bbox 738 3023 757 3054; x_wconf 88' lang='lat' dir='ltr'>c.</span> <span class='ocrx_word' id='word_1_224' title='bbox 779 3021 812 3068; x_wconf 87' lang='lat'>94</span> 
     </span>
     <span class='ocr_line' id='line_1_29' title="bbox 341 3072 810 3136; baseline -0.013 -12"><span class='ocrx_word' id='word_1_225' title='bbox 341 3074 383 3124; x_wconf 86' lang='lat' dir='ltr'>sub</span> <span class='ocrx_word' id='word_1_226' title='bbox 403 3074 420 3121; x_wconf 88' lang='lat' dir='ltr'>s.</span> <span class='ocrx_word' id='word_1_227' title='bbox 443 3074 614 3122; x_wconf 86' lang='lat' dir='ltr'>adumbratum</span> <span class='ocrx_word' id='word_1_228' title='bbox 640 3072 686 3119; x_wconf 83' lang='lat' dir='ltr'>effe</span> <span class='ocrx_word' id='word_1_229' title='bbox 707 3072 810 3136; x_wconf 65' lang='lat' dir='ltr'>vidctnr.</span> 
     </span>
     <span class='ocr_line' id='line_1_30' title="bbox 341 3140 758 3203; baseline -0.017 -15"><span class='ocrx_word' id='word_1_230' title='bbox 341 3142 408 3203; x_wconf 81' lang='lat' dir='ltr'>Apud</span> <span class='ocrx_word' id='word_1_231' title='bbox 418 3142 526 3187; x_wconf 72' lang='lat' dir='ltr'>Mundum</span> <span class='ocrx_word' id='word_1_232' title='bbox 539 3140 612 3183; x_wconf 80' lang='lat' dir='ltr'>Divus</span> <span class='ocrx_word' id='word_1_233' title='bbox 626 3140 701 3200; x_wconf 83' lang='lat' dir='ltr'>Julius</span> <span class='ocrx_word' id='word_1_234' title='bbox 714 3149 758 3183; x_wconf 77' lang='lat' dir='ltr'>etc.</span> 
     </span>
    </p>

    <p class='ocr_par' dir='ltr' id='par_1_15' title="bbox 240 3200 809 3461">
     <span class='ocr_line' id='line_1_31' title="bbox 372 3200 809 3266; baseline -0.007 -15"><span class='ocrx_word' id='word_1_235' title='bbox 372 3224 427 3251; x_wconf 82' lang='lat' dir='ltr'>more</span> <span class='ocrx_word' id='word_1_236' title='bbox 438 3208 539 3266; x_wconf 74' lang='lat' dir='ltr'>regionis:</span> <span class='ocrx_word' id='word_1_237' title='bbox 556 3202 586 3249; x_wconf 76' lang='lat' dir='ltr'>cf.</span> <span class='ocrx_word' id='word_1_238' title='bbox 604 3201 687 3249; x_wconf 80' lang='lat' dir='ltr'>Passer.</span> <span class='ocrx_word' id='word_1_239' title='bbox 705 3200 809 3263; x_wconf 80' lang='lat' dir='ltr'>Parallp.</span> 
     </span>
     <span class='ocr_line' id='line_1_32' title="bbox 340 3267 809 3332; baseline -0.002 -16"><span class='ocrx_word' id='word_1_240' title='bbox 340 3269 366 3316; x_wconf 92' lang='lat' dir='ltr'>in</span> <span class='ocrx_word' id='word_1_241' title='bbox 377 3269 484 3332; x_wconf 85' lang='lat' dir='ltr'>Dempst.</span> <span class='ocrx_word' id='word_1_242' title='bbox 494 3284 549 3331; x_wconf 89' lang='lat' dir='ltr'>pag.</span> <span class='ocrx_word' id='word_1_243' title='bbox 560 3282 601 3327; x_wconf 83' lang='lat'>53.</span> <span class='ocrx_word' id='word_1_244' title='bbox 635 3267 702 3329; x_wconf 74' lang='lat' dir='ltr'>Vasc.</span> <span class='ocrx_word' id='word_1_245' title='bbox 717 3267 809 3315; x_wconf 77' lang='lat' dir='ltr'>Etrusc.</span> 
     </span>
     <span class='ocr_line' id='line_1_33' title="bbox 340 3334 571 3396; baseline -0.013 -15"><span class='ocrx_word' id='word_1_246' title='bbox 340 3334 445 3391; x_wconf 75' lang='lat' dir='ltr'>Tomi,</span> <span class='ocrx_word' id='word_1_247' title='bbox 464 3350 518 3396; x_wconf 87' lang='lat' dir='ltr'>pag.</span> <span class='ocrx_word' id='word_1_248' title='bbox 533 3346 571 3391; x_wconf 91' lang='lat'>70.</span> 
     </span>
     <span class='ocr_line' id='line_1_34' title="bbox 240 3394 808 3461; baseline -0.009 -15"><span class='ocrx_word' id='word_1_249' title='bbox 240 3446 244 3459; x_wconf 35' lang='lat'>⁵</span> <span class='ocrx_word' id='word_1_250' title='bbox 373 3399 393 3461; x_wconf 64' lang='grc'>9,</span> <span class='ocrx_word' id='word_1_251' title='bbox 412 3398 435 3445; x_wconf 89' lang='lat'>6.</span> <span class='ocrx_word' id='word_1_252' title='bbox 453 3401 516 3444; x_wconf 80' lang='lat' dir='ltr'>Initio</span> <span class='ocrx_word' id='word_1_253' title='bbox 529 3402 604 3443; x_wconf 78' lang='lat' dir='ltr'>aetatis.</span> <span class='ocrx_word' id='word_1_254' title='bbox 636 3396 684 3460; x_wconf 86' lang='lat' dir='ltr'>Jos.</span> <span class='ocrx_word' id='word_1_255' title='bbox 702 3394 808 3458; x_wconf 79' lang='lat' dir='ltr'>Scaliger</span> 
     </span>
    </p>

    <p class='ocr_par' dir='ltr' id='par_1_16' title="bbox 340 3460 810 3525">
     <span class='ocr_line' id='line_1_35' title="bbox 340 3460 810 3525; baseline -0.004 -14"><span class='ocrx_word' id='word_1_256' title='bbox 340 3463 372 3511; x_wconf 86' lang='lat' dir='ltr'>ad</span> <span class='ocrx_word' id='word_1_257' title='bbox 383 3463 467 3513; x_wconf 89' lang='lat' dir='ltr'>Euseb.</span> <span class='ocrx_word' id='word_1_258' title='bbox 481 3462 572 3509; x_wconf 81' lang='lat' dir='ltr'>chron.</span> <span class='ocrx_word' id='word_1_259' title='bbox 588 3478 612 3525; x_wconf 92' lang='lat' dir='ltr'>p.</span> <span class='ocrx_word' id='word_1_260' title='bbox 623 3467 668 3521; x_wconf 73' lang='lat'>150</span> <span class='ocrx_word' id='word_1_261' title='bbox 682 3476 710 3510; x_wconf 80' lang='lat' dir='ltr'>ex</span> <span class='ocrx_word' id='word_1_262' title='bbox 720 3460 810 3509; x_wconf 83' lang='lat' dir='ltr'>Hiero-</span> 
     </span>
    </p>

    <p class='ocr_par' dir='ltr' id='par_1_17' title="bbox 340 3527 814 3590">
     <span class='ocr_line' id='line_1_36' title="bbox 340 3527 814 3590; baseline -0.008 -15"><span class='ocrx_word' id='word_1_263' title='bbox 340 3543 416 3590; x_wconf 88' lang='lat' dir='ltr'>nymo</span> <span class='ocrx_word' id='word_1_264' title='bbox 431 3530 464 3575; x_wconf 85' lang='lat' dir='ltr'>ita</span> <span class='ocrx_word' id='word_1_265' title='bbox 475 3527 603 3574; x_wconf 87' lang='lat' dir='ltr'>emendat:</span> <span class='ocrx_word' id='word_1_266' title='bbox 622 3528 688 3571; x_wconf 76' lang='lat' dir='ltr'>Initia</span> <span class='ocrx_word' id='word_1_267' title='bbox 700 3529 776 3582; x_wconf 69' lang='lat' dir='ltr'>atatis,</span> <span class='ocrx_word' id='word_1_268' title='bbox 790 3528 814 3571; x_wconf 83' lang='lat' dir='ltr'>id</span> 
     </span>
    </p>

    <p class='ocr_par' dir='ltr' id='par_1_18' title="bbox 339 3593 810 3659">
     <span class='ocr_line' id='line_1_37' title="bbox 339 3593 810 3659; baseline -0.011 -20"><span class='ocrx_word' id='word_1_269' title='bbox 339 3594 368 3659; x_wconf 84' lang='lat' dir='ltr'>est</span> <span class='ocrx_word' id='word_1_270' title='bbox 384 3612 398 3638; x_wconf 86' lang='lat' dir='ltr'>a</span> <span class='ocrx_word' id='word_1_271' title='bbox 418 3593 480 3639; x_wconf 84' lang='lat' dir='ltr'>XIV</span> <span class='ocrx_word' id='word_1_272' title='bbox 496 3594 553 3655; x_wconf 58' lang='lat' dir='ltr'>usque</span> <span class='ocrx_word' id='word_1_273' title='bbox 563 3594 593 3637; x_wconf 84' lang='lat' dir='ltr'>ad</span> <span class='ocrx_word' id='word_1_274' title='bbox 598 3593 719 3653; x_wconf 80' lang='lat' dir='ltr'>fidecimum</span> <span class='ocrx_word' id='word_1_275' title='bbox 735 3598 810 3635; x_wconf 74' lang='lat' dir='ltr'>danum</span> 
     </span>
    </p>

    <p class='ocr_par' dir='ltr' id='par_1_19' title="bbox 340 3658 809 3720">
     <span class='ocr_line' id='line_1_38' title="bbox 340 3658 809 3720; baseline -0.006 -17"><span class='ocrx_word' id='word_1_276' title='bbox 340 3660 443 3707; x_wconf 76' lang='lat' dir='ltr'>Cremona</span> <span class='ocrx_word' id='word_1_277' title='bbox 460 3661 509 3720; x_wconf 82' lang='lat' dir='ltr'>egit,</span> <span class='ocrx_word' id='word_1_278' title='bbox 522 3667 542 3702; x_wconf 78' lang='lat' dir='ltr'>et</span> <span class='ocrx_word' id='word_1_279' title='bbox 560 3658 643 3703; x_wconf 88' lang='lat' dir='ltr'>XVII</span> <span class='ocrx_word' id='word_1_280' title='bbox 654 3675 706 3701; x_wconf 81' lang='lat' dir='ltr'>anno</span> <span class='ocrx_word' id='word_1_281' title='bbox 726 3660 809 3701; x_wconf 82' lang='lat' dir='ltr'>virilem</span> 
     </span>
    </p>

    <p class='ocr_par' dir='ltr' id='par_1_20' title="bbox 338 3720 811 3788">
     <span class='ocr_line' id='line_1_39' title="bbox 338 3720 811 3788; baseline -0.004 -16"><span class='ocrx_word' id='word_1_282' title='bbox 338 3733 407 3786; x_wconf 72' lang='lat' dir='ltr'>togam</span> <span class='ocrx_word' id='word_1_283' title='bbox 418 3724 500 3788; x_wconf 68' lang='lat' dir='ltr'>sttmſst.</span> <span class='ocrx_word' id='word_1_284' title='bbox 518 3720 581 3770; x_wconf 84' lang='lat' dir='ltr'>conl.</span> <span class='ocrx_word' id='word_1_285' title='bbox 605 3720 648 3767; x_wconf 82' lang='lat' dir='ltr'>inf.</span> <span class='ocrx_word' id='word_1_286' title='bbox 673 3722 758 3768; x_wconf 82' lang='lat' dir='ltr'>Vitam</span> <span class='ocrx_word' id='word_1_287' title='bbox 779 3720 811 3770; x_wconf 78' lang='lat' dir='ltr'>ad</span> 
     </span>
    </p>

    <p class='ocr_par' dir='ltr' id='par_1_21' title="bbox 339 3784 811 3850">
     <span class='ocr_line' id='line_1_40' title="bbox 339 3784 811 3850; baseline -0.013 -14"><span class='ocrx_word' id='word_1_288' title='bbox 339 3788 375 3835; x_wconf 87' lang='lat' dir='ltr'>U.</span> <span class='ocrx_word' id='word_1_289' title='bbox 386 3789 414 3836; x_wconf 79' lang='lat' dir='ltr'>C.</span> <span class='ocrx_word' id='word_1_290' title='bbox 427 3786 483 3850; x_wconf 82' lang='lat'><strong>696·</strong></span> <span class='ocrx_word' id='word_1_291' title='bbox 518 3785 582 3833; x_wconf 85' lang='lat' dir='ltr'>Mlhl</span> <span class='ocrx_word' id='word_1_292' title='bbox 593 3784 666 3832; x_wconf 69' lang='lat' dir='ltr'>verba</span> <span class='ocrx_word' id='word_1_293' title='bbox 677 3788 700 3829; x_wconf 82' lang='lat' dir='ltr'>id</span> <span class='ocrx_word' id='word_1_294' title='bbox 712 3786 738 3849; x_wconf 79' lang='lat' dir='ltr'>est</span> <span class='ocrx_word' id='word_1_295' title='bbox 752 3787 811 3847; x_wconf 67' lang='lat' dir='ltr'>usque</span> 
     </span>
    </p>

    <p class='ocr_par' dir='ltr' id='par_1_22' title="bbox 338 3850 811 3917">
     <span class='ocr_line' id='line_1_41' title="bbox 338 3850 811 3917; baseline -0.004 -18"><span class='ocrx_word' id='word_1_296' title='bbox 338 3855 488 3917; x_wconf 79' lang='lat' dir='ltr'>adseptimum</span> <span class='ocrx_word' id='word_1_297' title='bbox 505 3870 581 3897; x_wconf 80' lang='lat' dir='ltr'>annum</span> <span class='ocrx_word' id='word_1_298' title='bbox 601 3867 615 3897; x_wconf 90' lang='lat' dir='ltr'>a</span> <span class='ocrx_word' id='word_1_299' title='bbox 632 3850 719 3900; x_wconf 83' lang='lat' dir='ltr'>seriore</span> <span class='ocrx_word' id='word_1_300' title='bbox 737 3865 811 3897; x_wconf 87' lang='lat' dir='ltr'>mann</span> 
     </span>
    </p>

    <p class='ocr_par' dir='ltr' id='par_1_23' title="bbox 338 3912 810 4108">
     <span class='ocr_line' id='line_1_42' title="bbox 338 3912 810 3982; baseline -0.006 -17"><span class='ocrx_word' id='word_1_301' title='bbox 338 3917 432 3982; x_wconf 63' lang='lat' dir='ltr'>adjecta</span> <span class='ocrx_word' id='word_1_302' title='bbox 443 3915 488 3965; x_wconf 81' lang='lat' dir='ltr'>esse</span> <span class='ocrx_word' id='word_1_303' title='bbox 499 3916 625 3973; x_wconf 62' lang='lat' dir='ltr'>videntum</span> <span class='ocrx_word' id='word_1_304' title='bbox 643 3928 666 3962; x_wconf 82' lang='lat' dir='ltr'>et</span> <span class='ocrx_word' id='word_1_305' title='bbox 679 3912 763 3972; x_wconf 71' lang='lat' dir='ltr'>desunt</span> <span class='ocrx_word' id='word_1_306' title='bbox 775 3914 810 3963; x_wconf 79' lang='lat' dir='ltr'>sa·</span> 
     </span>
     <span class='ocr_line' id='line_1_43' title="bbox 338 3979 810 4043; baseline -0.011 -13"><span class='ocrx_word' id='word_1_307' title='bbox 338 3997 369 4029; x_wconf 87' lang='lat' dir='ltr'>nc</span> <span class='ocrx_word' id='word_1_308' title='bbox 387 3982 412 4030; x_wconf 93' lang='lat' dir='ltr'>in</span> <span class='ocrx_word' id='word_1_309' title='bbox 432 3981 493 4039; x_wconf 83' lang='lat' dir='ltr'>aliis,</span> <span class='ocrx_word' id='word_1_310' title='bbox 510 3981 535 4027; x_wconf 91' lang='lat' dir='ltr'>in</span> <span class='ocrx_word' id='word_1_311' title='bbox 554 3980 638 4043; x_wconf 84' lang='lat' dir='ltr'>quibus</span> <span class='ocrx_word' id='word_1_312' title='bbox 653 3980 687 4027; x_wconf 90' lang='lat' dir='ltr'>ita</span> <span class='ocrx_word' id='word_1_313' title='bbox 706 3979 758 4026; x_wconf 84' lang='lat' dir='ltr'>baec</span> <span class='ocrx_word' id='word_1_314' title='bbox 770 3995 810 4026; x_wconf 86' lang='lat' dir='ltr'>er-</span> 
     </span>
     <span class='ocr_line' id='line_1_44' title="bbox 338 4046 810 4108; baseline -0.006 -15"><span class='ocrx_word' id='word_1_315' title='bbox 338 4046 467 4095; x_wconf 83' lang='lat' dir='ltr'>hibentur:</span> <span class='ocrx_word' id='word_1_316' title='bbox 486 4048 553 4093; x_wconf 80' lang='lat' dir='ltr'>Initia</span> <span class='ocrx_word' id='word_1_317' title='bbox 572 4050 640 4093; x_wconf 78' lang='lat' dir='ltr'>aetaris</span> <span class='ocrx_word' id='word_1_318' title='bbox 657 4046 759 4091; x_wconf 75' lang='lat' dir='ltr'>Cremona</span> <span class='ocrx_word' id='word_1_319' title='bbox 769 4047 810 4108; x_wconf 78' lang='lat' dir='ltr'>egit</span> 
     </span>
    </p>

    <p class='ocr_par' dir='ltr' id='par_1_24' title="bbox 338 4108 815 4175">
     <span class='ocr_line' id='line_1_45' title="bbox 338 4108 815 4175; baseline -0.008 -16"><span class='ocrx_word' id='word_1_320' title='bbox 338 4115 398 4175; x_wconf 63' lang='lat' dir='ltr'>usque</span> <span class='ocrx_word' id='word_1_321' title='bbox 416 4114 445 4159; x_wconf 82' lang='lat' dir='ltr'>ad</span> <span class='ocrx_word' id='word_1_322' title='bbox 460 4114 544 4159; x_wconf 80' lang='lat' dir='ltr'>virilem</span> <span class='ocrx_word' id='word_1_323' title='bbox 561 4121 638 4175; x_wconf 76' lang='lat' dir='ltr'>togam,</span> <span class='ocrx_word' id='word_1_324' title='bbox 651 4130 713 4174; x_wconf 83' lang='lat' dir='ltr'>quam</span> <span class='ocrx_word' id='word_1_325' title='bbox 731 4108 815 4156; x_wconf 88' lang='lat' dir='ltr'>XVII</span> 
     </span>
    </p>

    <p class='ocr_par' dir='ltr' id='par_1_25' title="bbox 303 4177 813 4307">
     <span class='ocr_line' id='line_1_46' title="bbox 337 4177 813 4240; baseline -0.004 -17"><span class='ocrx_word' id='word_1_326' title='bbox 337 4196 392 4223; x_wconf 81' lang='lat' dir='ltr'>anno</span> <span class='ocrx_word' id='word_1_327' title='bbox 413 4181 481 4239; x_wconf 74' lang='lat' dir='ltr'>natali</span> <span class='ocrx_word' id='word_1_328' title='bbox 491 4179 533 4240; x_wconf 78' lang='lat' dir='ltr'>fito</span> <span class='ocrx_word' id='word_1_329' title='bbox 562 4180 646 4240; x_wconf 75' lang='lat' dir='ltr'>accepit,</span> <span class='ocrx_word' id='word_1_330' title='bbox 672 4178 740 4239; x_wconf 62' lang='lat' dir='ltr'>istem</span> <span class='ocrx_word' id='word_1_331' title='bbox 767 4177 813 4221; x_wconf 77' lang='lat' dir='ltr'>illis·</span> 
     </span>
     <span class='ocr_line' id='line_1_47' title="bbox 303 4239 811 4307; baseline 0 -20"><span class='ocrx_word' id='word_1_332' title='bbox 303 4284 308 4292; x_wconf 83' lang='lat'>,</span> <span class='ocrx_word' id='word_1_333' title='bbox 339 4242 392 4307; x_wconf 78' lang='lat' dir='ltr'>Coffi</span> <span class='ocrx_word' id='word_1_334' title='bbox 406 4244 490 4299; x_wconf 75' lang='lat' dir='ltr'>iterum,</span> <span class='ocrx_word' id='word_1_335' title='bbox 504 4242 575 4305; x_wconf 82' lang='lat' dir='ltr'>quibus</span> <span class='ocrx_word' id='word_1_336' title='bbox 586 4252 631 4288; x_wconf 80' lang='lat' dir='ltr'>erat</span> <span class='ocrx_word' id='word_1_337' title='bbox 640 4252 708 4288; x_wconf 81' lang='lat' dir='ltr'>natur.</span> <span class='ocrx_word' id='word_1_338' title='bbox 731 4239 811 4303; x_wconf 81' lang='lat' dir='ltr'>Atqui</span> 
     </span>
    </p>

    <p class='ocr_par' dir='ltr' id='par_1_26' title="bbox 335 4304 810 4369">
     <span class='ocr_line' id='line_1_48' title="bbox 335 4304 810 4369; baseline 0 -16"><span class='ocrx_word' id='word_1_339' title='bbox 335 4306 378 4361; x_wconf 80' lang='lat' dir='ltr'>hic</span> <span class='ocrx_word' id='word_1_340' title='bbox 391 4322 468 4354; x_wconf 88' lang='lat' dir='ltr'>annus</span> <span class='ocrx_word' id='word_1_341' title='bbox 480 4309 512 4353; x_wconf 89' lang='lat' dir='ltr'>U.</span> <span class='ocrx_word' id='word_1_342' title='bbox 531 4307 559 4354; x_wconf 85' lang='lat' dir='ltr'>C.</span> <span class='ocrx_word' id='word_1_343' title='bbox 580 4305 628 4369; x_wconf 85' lang='lat'>699</span> <span class='ocrx_word' id='word_1_344' title='bbox 645 4316 698 4353; x_wconf 74' lang='lat' dir='ltr'>erar</span> <span class='ocrx_word' id='word_1_345' title='bbox 717 4306 768 4352; x_wconf 93' lang='lat' dir='ltr'>XV</span> <span class='ocrx_word' id='word_1_346' title='bbox 780 4304 810 4353; x_wconf 90' lang='lat' dir='ltr'>ab</span> 
     </span>
    </p>

    <p class='ocr_par' dir='ltr' id='par_1_27' title="bbox 301 4363 811 4492">
     <span class='ocr_line' id='line_1_49' title="bbox 337 4363 811 4435; baseline -0.006 -15"><span class='ocrx_word' id='word_1_347' title='bbox 337 4389 361 4423; x_wconf 86' lang='lat' dir='ltr'>a.</span> <span class='ocrx_word' id='word_1_348' title='bbox 386 4371 444 4429; x_wconf 79' lang='lat'>084.</span> <span class='ocrx_word' id='word_1_349' title='bbox 473 4363 546 4419; x_wconf 64' lang='lat' dir='ltr'>Und‘e</span> <span class='ocrx_word' id='word_1_350' title='bbox 565 4370 620 4419; x_wconf 84' lang='lat' dir='ltr'>satis</span> <span class='ocrx_word' id='word_1_351' title='bbox 636 4382 745 4435; x_wconf 86' lang='lat' dir='ltr'>apparet,</span> <span class='ocrx_word' id='word_1_352' title='bbox 760 4370 811 4434; x_wconf 91' lang='lat' dir='ltr'>pri-</span> 
     </span>
     <span class='ocr_line' id='line_1_50' title="bbox 301 4436 811 4492; baseline -0.004 -8"><span class='ocrx_word' id='word_1_353' title='bbox 301 4451 304 4456; x_wconf 88' lang='lat'>·</span> <span class='ocrx_word' id='word_1_354' title='bbox 338 4436 412 4492; x_wconf 58' lang='lat' dir='ltr'>mitur</span> <span class='ocrx_word' id='word_1_355' title='bbox 431 4436 484 4490; x_wconf 73' lang='lat' dir='ltr'>hate</span> <span class='ocrx_word' id='word_1_356' title='bbox 501 4446 629 4490; x_wconf 83' lang='lat' dir='ltr'>tantuma</span> <span class='ocrx_word' id='word_1_357' title='bbox 647 4438 746 4484; x_wconf 87' lang='lat' dir='ltr'>Donato</span> <span class='ocrx_word' id='word_1_358' title='bbox 760 4436 811 4483; x_wconf 89' lang='lat' dir='ltr'>dic·</span> 
     </span>
    </p>
   </div>
   <div class='ocr_carea' id='block_1_14' title="bbox 337 4500 1196 4567">
    <p class='ocr_par' dir='ltr' id='par_1_28' title="bbox 337 4500 1196 4567">
     <span class='ocr_line' id='line_1_51' title="bbox 337 4500 1196 4567; baseline -0.001 -17"><span class='ocrx_word' id='word_1_359' title='bbox 337 4512 388 4555; x_wconf 69' lang='lat' dir='ltr'>tata</span> <span class='ocrx_word' id='word_1_360' title='bbox 407 4500 495 4557; x_wconf 66' lang='lat' dir='ltr'>fuisse:</span> <span class='ocrx_word' id='word_1_361' title='bbox 524 4502 591 4549; x_wconf 74' lang='lat' dir='ltr'>Initia</span> <span class='ocrx_word' id='word_1_362' title='bbox 620 4506 686 4550; x_wconf 80' lang='lat' dir='ltr'>aetatir</span> <span class='ocrx_word' id='word_1_363' title='bbox 708 4503 811 4550; x_wconf 83' lang='lat' dir='ltr'>Cremonae</span> <span class='ocrx_word' id='word_1_364' title='bbox 854 4501 941 4567; x_wconf 68' lang='lat' dir='ltr'>sm&#39;ffis</span> <span class='ocrx_word' id='word_1_365' title='bbox 966 4505 989 4550; x_wconf 78' lang='lat' dir='ltr'>in</span> <span class='ocrx_word' id='word_1_366' title='bbox 1027 4500 1106 4562; x_wconf 71' lang='lat' dir='ltr'>Grato,</span> <span class='ocrx_word' id='word_1_367' title='bbox 1140 4517 1196 4564; x_wconf 72' lang='lat' dir='ltr'>qum</span> 
     </span>
    </p>
   </div>
   <div class='ocr_carea' id='block_1_15' title="bbox 858 2750 1335 2814">
    <p class='ocr_par' dir='ltr' id='par_1_29' title="bbox 858 2750 1335 2814">
     <span class='ocr_line' id='line_1_52' title="bbox 858 2750 1335 2814; baseline 0.013 -20"><span class='ocrx_word' id='word_1_368' title='bbox 858 2753 921 2812; x_wconf 62' lang='lat' dir='ltr'>poeta</span> <span class='ocrx_word' id='word_1_369' title='bbox 936 2753 1054 2813; x_wconf 62' lang='lat' dir='ltr'>nscederm</span> <span class='ocrx_word' id='word_1_370' title='bbox 1072 2750 1117 2805; x_wconf 82' lang='lat' dir='ltr'>hoc</span> <span class='ocrx_word' id='word_1_371' title='bbox 1128 2752 1206 2814; x_wconf 81' lang='lat' dir='ltr'>rejicit</span> <span class='ocrx_word' id='word_1_372' title='bbox 1223 2752 1335 2801; x_wconf 78' lang='lat' dir='ltr'>Gifaniur</span> 
     </span>
    </p>
   </div>
   <div class='ocr_carea' id='block_1_16' title="bbox 861 2814 1404 3069">
    <p class='ocr_par' dir='ltr' id='par_1_30' title="bbox 861 2814 1404 3069">
     <span class='ocr_line' id='line_1_53' title="bbox 862 2814 1332 2877; baseline 0.011 -18"><span class='ocrx_word' id='word_1_373' title='bbox 862 2817 887 2859; x_wconf 85' lang='lat' dir='ltr'>in</span> <span class='ocrx_word' id='word_1_374' title='bbox 900 2814 1008 2862; x_wconf 83' lang='lat' dir='ltr'>Lucretii</span> <span class='ocrx_word' id='word_1_375' title='bbox 1019 2814 1086 2871; x_wconf 85' lang='lat' dir='ltr'>Vita,</span> <span class='ocrx_word' id='word_1_376' title='bbox 1096 2816 1152 2877; x_wconf 90' lang='lat' dir='ltr'>quia</span> <span class='ocrx_word' id='word_1_377' title='bbox 1163 2816 1250 2863; x_wconf 89' lang='lat' dir='ltr'>scilicet</span> <span class='ocrx_word' id='word_1_378' title='bbox 1264 2817 1332 2864; x_wconf 84' lang='lat' dir='ltr'>Idem</span> 
     </span>
     <span class='ocr_line' id='line_1_54' title="bbox 863 2880 1334 2944; baseline 0.011 -21"><span class='ocrx_word' id='word_1_379' title='bbox 863 2892 953 2924; x_wconf 88' lang='lat' dir='ltr'>armum</span> <span class='ocrx_word' id='word_1_380' title='bbox 964 2891 1008 2937; x_wconf 90' lang='lat'>701</span> <span class='ocrx_word' id='word_1_381' title='bbox 1022 2880 1129 2925; x_wconf 84' lang='lat' dir='ltr'>Lucretii</span> <span class='ocrx_word' id='word_1_382' title='bbox 1141 2882 1215 2928; x_wconf 87' lang='lat' dir='ltr'>morti</span> <span class='ocrx_word' id='word_1_383' title='bbox 1225 2880 1334 2944; x_wconf 75' lang='lat' dir='ltr'>assignat,</span> 
     </span>
     <span class='ocr_line' id='line_1_55' title="bbox 861 2941 1404 3005; baseline 0 -17"><span class='ocrx_word' id='word_1_384' title='bbox 861 2941 903 2990; x_wconf 86' lang='lat' dir='ltr'>sed</span> <span class='ocrx_word' id='word_1_385' title='bbox 920 2943 950 2989; x_wconf 87' lang='lat' dir='ltr'>de</span> <span class='ocrx_word' id='word_1_386' title='bbox 965 2942 1110 3005; x_wconf 64' lang='lat' dir='ltr'>conjetbura,</span> <span class='ocrx_word' id='word_1_387' title='bbox 1126 2960 1198 3005; x_wconf 90' lang='lat' dir='ltr'>quam</span> <span class='ocrx_word' id='word_1_388' title='bbox 1214 2946 1280 2991; x_wconf 87' lang='lat' dir='ltr'>nullo</span> <span class='ocrx_word' id='word_1_389' title='bbox 1295 2961 1333 2991; x_wconf 91' lang='lat' dir='ltr'>ar·</span> <span class='ocrx_word' id='word_1_390' title='bbox 1399 2981 1404 2988; x_wconf 90' lang='lat'>.</span> 
     </span>
     <span class='ocr_line' id='line_1_56' title="bbox 863 3007 1332 3069; baseline 0.009 -17"><span class='ocrx_word' id='word_1_391' title='bbox 863 3018 980 3069; x_wconf 83' lang='lat' dir='ltr'>gumemo</span> <span class='ocrx_word' id='word_1_392' title='bbox 1000 3007 1127 3069; x_wconf 87' lang='lat' dir='ltr'>probatam</span> <span class='ocrx_word' id='word_1_393' title='bbox 1139 3009 1222 3066; x_wconf 88' lang='lat' dir='ltr'>video;</span> <span class='ocrx_word' id='word_1_394' title='bbox 1241 3025 1332 3057; x_wconf 85' lang='lat' dir='ltr'>annum</span> 
     </span>
    </p>
   </div>
   <div class='ocr_carea' id='block_1_17' title="bbox 863 3072 1407 3133">
    <p class='ocr_par' dir='ltr' id='par_1_31' title="bbox 863 3072 1407 3133">
     <span class='ocr_line' id='line_1_57' title="bbox 863 3072 1407 3133; baseline -0.002 -16"><span class='ocrx_word' id='word_1_395' title='bbox 863 3086 922 3117; x_wconf 84' lang='lat' dir='ltr'>vero</span> <span class='ocrx_word' id='word_1_396' title='bbox 963 3085 1009 3131; x_wconf 88' lang='lat'>703</span> <span class='ocrx_word' id='word_1_397' title='bbox 1042 3072 1205 3133; x_wconf 87' lang='lat' dir='ltr'>Hieronymus</span> <span class='ocrx_word' id='word_1_398' title='bbox 1241 3074 1334 3120; x_wconf 86' lang='lat' dir='ltr'>Chron.</span> <span class='ocrx_word' id='word_1_399' title='bbox 1406 3113 1407 3116; x_wconf 75' lang='grc'>,</span> 
     </span>
    </p>
   </div>
   <div class='ocr_carea' id='block_1_18' title="bbox 860 3135 1406 3785">
    <p class='ocr_par' dir='ltr' id='par_1_32' title="bbox 860 3135 1406 3785">
     <span class='ocr_line' id='line_1_58' title="bbox 863 3135 1392 3199; baseline 0.009 -18"><span class='ocrx_word' id='word_1_400' title='bbox 863 3135 948 3183; x_wconf 87' lang='lat' dir='ltr'>Euseb.</span> <span class='ocrx_word' id='word_1_401' title='bbox 984 3138 1036 3182; x_wconf 87' lang='lat' dir='ltr'>Nec</span> <span class='ocrx_word' id='word_1_402' title='bbox 1059 3146 1139 3182; x_wconf 82' lang='lat' dir='ltr'>tamen</span> <span class='ocrx_word' id='word_1_403' title='bbox 1162 3137 1199 3192; x_wconf 81' lang='lat' dir='ltr'>iis,</span> <span class='ocrx_word' id='word_1_404' title='bbox 1224 3153 1277 3199; x_wconf 79' lang='lat' dir='ltr'>quae</span> <span class='ocrx_word' id='word_1_405' title='bbox 1294 3136 1334 3185; x_wconf 87' lang='lat' dir='ltr'>hic</span> <span class='ocrx_word' id='word_1_406' title='bbox 1389 3137 1392 3142; x_wconf 72' lang='grc'><strong>’</strong></span> 
     </span>
     <span class='ocr_line' id='line_1_59' title="bbox 863 3198 1333 3264; baseline 0.004 -17"><span class='ocrx_word' id='word_1_407' title='bbox 863 3198 986 3264; x_wconf 82' lang='lat' dir='ltr'>leguntur,</span> <span class='ocrx_word' id='word_1_408' title='bbox 1004 3200 1058 3248; x_wconf 83' lang='lat' dir='ltr'>satis</span> <span class='ocrx_word' id='word_1_409' title='bbox 1080 3199 1154 3247; x_wconf 82' lang='lat' dir='ltr'>fidem</span> <span class='ocrx_word' id='word_1_410' title='bbox 1173 3200 1259 3260; x_wconf 87' lang='lat' dir='ltr'>habeo,</span> <span class='ocrx_word' id='word_1_411' title='bbox 1278 3218 1333 3249; x_wconf 87' lang='lat' dir='ltr'>cum</span> 
     </span>
     <span class='ocr_line' id='line_1_60' title="bbox 860 3264 1334 3377; baseline 0.008 -65"><span class='ocrx_word' id='word_1_412' title='bbox 860 3265 948 3377; x_wconf 43' lang='lat' dir='ltr'>stiriis?</span> <span class='ocrx_word' id='word_1_413' title='bbox 960 3264 1112 3313; x_wconf 83' lang='lat' dir='ltr'>emblematis</span> <span class='ocrx_word' id='word_1_414' title='bbox 1123 3266 1226 3330; x_wconf 83' lang='lat' dir='ltr'>speciem</span> <span class='ocrx_word' id='word_1_415' title='bbox 1240 3284 1291 3331; x_wconf 86' lang='lat' dir='ltr'>prae</span> <span class='ocrx_word' id='word_1_416' title='bbox 1303 3266 1334 3317; x_wconf 72' lang='lat' dir='ltr'>«se</span> 
     </span>
     <span class='ocr_line' id='line_1_61' title="bbox 895 3365 1406 3471; baseline 0.008 -31"><span class='ocrx_word' id='word_1_417' title='bbox 895 3365 1333 3471; x_wconf 60' lang='lat' dir='ltr'>§.7&#39;..ernap.u1up0stnntpa</span> <span class='ocrx_word' id='word_1_418' title='bbox 1404 3387 1406 3392; x_wconf 80' lang='grc'>’</span> 
     </span>
     <span class='ocr_line' id='line_1_62' title="bbox 861 3461 1334 3523; baseline 0.011 -17"><span class='ocrx_word' id='word_1_419' title='bbox 861 3462 898 3507; x_wconf 86' lang='lat' dir='ltr'>sim</span> <span class='ocrx_word' id='word_1_420' title='bbox 925 3462 1014 3522; x_wconf 79' lang='lat' dir='ltr'>transtit.</span> <span class='ocrx_word' id='word_1_421' title='bbox 1060 3461 1143 3509; x_wconf 84' lang='lat' dir='ltr'>Aliter</span> <span class='ocrx_word' id='word_1_422' title='bbox 1173 3473 1334 3523; x_wconf 71' lang='lat' dir='ltr'>treronymlu</span> 
     </span>
     <span class='ocr_line' id='line_1_63' title="bbox 863 3525 1333 3576; baseline 0.004 -3"><span class='ocrx_word' id='word_1_423' title='bbox 863 3525 955 3575; x_wconf 87' lang='lat' dir='ltr'>Chron.</span> <span class='ocrx_word' id='word_1_424' title='bbox 967 3525 1053 3576; x_wconf 82' lang='lat' dir='ltr'>Euseb.</span> <span class='ocrx_word' id='word_1_425' title='bbox 1071 3542 1096 3573; x_wconf 88' lang='lat' dir='ltr'>v.</span> <span class='ocrx_word' id='word_1_426' title='bbox 1110 3526 1155 3574; x_wconf 87' lang='lat' dir='ltr'>ius.</span> <span class='ocrx_word' id='word_1_427' title='bbox 1163 3528 1247 3575; x_wconf 86' lang='lat' dir='ltr'>Vitam</span> <span class='ocrx_word' id='word_1_428' title='bbox 1261 3528 1292 3575; x_wconf 84' lang='lat' dir='ltr'>ad</span> <span class='ocrx_word' id='word_1_429' title='bbox 1300 3528 1333 3576; x_wconf 90' lang='lat' dir='ltr'>U.</span> 
     </span>
     <span class='ocr_line' id='line_1_64' title="bbox 862 3592 1333 3720; baseline 0.013 -20"><span class='ocrx_word' id='word_1_430' title='bbox 862 3592 969 3702; x_wconf 39' lang='lat' dir='ltr'>estigiis</span> <span class='ocrx_word' id='word_1_431' title='bbox 982 3658 1068 3703; x_wconf 70' lang='lat' dir='ltr'>Gratis.</span> <span class='ocrx_word' id='word_1_432' title='bbox 1103 3658 1218 3704; x_wconf 76' lang='lat' dir='ltr'>Parthenio</span> <span class='ocrx_word' id='word_1_433' title='bbox 1234 3657 1333 3720; x_wconf 78' lang='lat' dir='ltr'>quidem</span> 
     </span>
     <span class='ocr_line' id='line_1_65' title="bbox 861 3725 1333 3785; baseline 0.006 -19"><span class='ocrx_word' id='word_1_434' title='bbox 861 3734 1019 3785; x_wconf 82' lang='lat' dir='ltr'>praereptore‚</span> <span class='ocrx_word' id='word_1_435' title='bbox 1034 3740 1072 3783; x_wconf 84' lang='lat' dir='ltr'>quo</span> <span class='ocrx_word' id='word_1_436' title='bbox 1084 3725 1228 3770; x_wconf 78' lang='lat' dir='ltr'>Grammatico</span> <span class='ocrx_word' id='word_1_437' title='bbox 1235 3726 1257 3768; x_wconf 82' lang='lat' dir='ltr'>in</span> <span class='ocrx_word' id='word_1_438' title='bbox 1271 3726 1333 3769; x_wconf 79' lang='lat' dir='ltr'>Grae·</span> 
     </span>
    </p>
   </div>
   <div class='ocr_carea' id='block_1_19' title="bbox 840 3786 1331 3852">
    <p class='ocr_par' dir='ltr' id='par_1_33' title="bbox 840 3786 1331 3852">
     <span class='ocr_line' id='line_1_66' title="bbox 840 3786 1331 3852; baseline 0.012 -23"><span class='ocrx_word' id='word_1_439' title='bbox 840 3819 843 3825; x_wconf 77' lang='lat'><em>,</em></span> <span class='ocrx_word' id='word_1_440' title='bbox 862 3789 897 3848; x_wconf 22' lang='lat' dir='ltr'>cist</span> <span class='ocrx_word' id='word_1_441' title='bbox 905 3788 1008 3849; x_wconf 82' lang='lat' dir='ltr'>Virgilius</span> <span class='ocrx_word' id='word_1_442' title='bbox 1026 3788 1071 3847; x_wconf 81' lang='lat' dir='ltr'>usus</span> <span class='ocrx_word' id='word_1_443' title='bbox 1088 3788 1121 3852; x_wconf 84' lang='lat' dir='ltr'>est.</span> <span class='ocrx_word' id='word_1_444' title='bbox 1155 3786 1268 3834; x_wconf 83' lang='lat' dir='ltr'>Macrob.</span> <span class='ocrx_word' id='word_1_445' title='bbox 1281 3789 1331 3836; x_wconf 86' lang='lat' dir='ltr'>Sat.</span> 
     </span>
    </p>
   </div>
   <div class='ocr_carea' id='block_1_20' title="bbox 863 3850 1334 4175">
    <p class='ocr_par' dir='ltr' id='par_1_34' title="bbox 863 3850 1334 4175">
     <span class='ocr_line' id='line_1_67' title="bbox 863 3850 1333 3915; baseline 0.011 -20"><span class='ocrx_word' id='word_1_446' title='bbox 863 3850 896 3906; x_wconf 91' lang='lat' dir='ltr'>V,</span> <span class='ocrx_word' id='word_1_447' title='bbox 908 3862 948 3908; x_wconf 88' lang='lat'>17.</span> <span class='ocrx_word' id='word_1_448' title='bbox 978 3850 1034 3902; x_wconf 79' lang='lat' dir='ltr'>Fuit</span> <span class='ocrx_word' id='word_1_449' title='bbox 1054 3850 1074 3898; x_wconf 80' lang='lat' dir='ltr'>is</span> <span class='ocrx_word' id='word_1_450' title='bbox 1091 3852 1172 3914; x_wconf 85' lang='lat' dir='ltr'>po&#39;e&#39;ta,</span> <span class='ocrx_word' id='word_1_451' title='bbox 1187 3851 1255 3915; x_wconf 79' lang='lat' dir='ltr'>cujus</span> <span class='ocrx_word' id='word_1_452' title='bbox 1271 3850 1333 3900; x_wconf 86' lang='lat' dir='ltr'>liber</span> 
     </span>
     <span class='ocr_line' id='line_1_68' title="bbox 863 3914 1332 3981; baseline 0.013 -21"><span class='ocrx_word' id='word_1_453' title='bbox 863 3914 1035 3963; x_wconf 82' lang='lat' dir='ltr'>amatoriamm</span> <span class='ocrx_word' id='word_1_454' title='bbox 1045 3915 1211 3964; x_wconf 84' lang='lat' dir='ltr'>narrationum</span> <span class='ocrx_word' id='word_1_455' title='bbox 1221 3916 1332 3981; x_wconf 70' lang='lat' dir='ltr'>superelb</span> 
     </span>
     <span class='ocr_line' id='line_1_69' title="bbox 865 3977 1333 4044; baseline 0.004 -17"><span class='ocrx_word' id='word_1_456' title='bbox 865 3977 981 4041; x_wconf 85' lang='lat' dir='ltr'>Expreffit</span> <span class='ocrx_word' id='word_1_457' title='bbox 993 3996 1022 4027; x_wconf 81' lang='lat' dir='ltr'>ex</span> <span class='ocrx_word' id='word_1_458' title='bbox 1034 3980 1084 4044; x_wconf 83' lang='lat' dir='ltr'>ejus</span> <span class='ocrx_word' id='word_1_459' title='bbox 1096 3981 1242 4042; x_wconf 69' lang='lat' dir='ltr'>carminibus</span> <span class='ocrx_word' id='word_1_460' title='bbox 1251 3980 1333 4030; x_wconf 74' lang='lat' dir='ltr'>versut</span> 
     </span>
     <span class='ocr_line' id='line_1_70' title="bbox 865 4042 1333 4109; baseline 0.002 -18"><span class='ocrx_word' id='word_1_461' title='bbox 865 4043 994 4092; x_wconf 79' lang='lat' dir='ltr'>nonnullos</span> <span class='ocrx_word' id='word_1_462' title='bbox 1021 4044 1148 4109; x_wconf 77' lang='lat' dir='ltr'>Virgilius,</span> <span class='ocrx_word' id='word_1_463' title='bbox 1169 4042 1198 4094; x_wconf 82' lang='lat' dir='ltr'>ut</span> <span class='ocrx_word' id='word_1_464' title='bbox 1221 4046 1333 4093; x_wconf 88' lang='lat' dir='ltr'>Macrob.</span> 
     </span>
     <span class='ocr_line' id='line_1_71' title="bbox 864 4107 1334 4175; baseline 0.004 -20"><span class='ocrx_word' id='word_1_465' title='bbox 864 4107 925 4155; x_wconf 88' lang='lat' dir='ltr'>ibid.</span> <span class='ocrx_word' id='word_1_466' title='bbox 944 4120 968 4157; x_wconf 86' lang='lat' dir='ltr'>et</span> <span class='ocrx_word' id='word_1_467' title='bbox 980 4109 1073 4158; x_wconf 74' lang='lat' dir='ltr'>Gellius</span> <span class='ocrx_word' id='word_1_468' title='bbox 1082 4111 1129 4169; x_wconf 90' lang='lat' dir='ltr'>lX,</span> <span class='ocrx_word' id='word_1_469' title='bbox 1137 4125 1160 4175; x_wconf 89' lang='lat'>9.</span> <span class='ocrx_word' id='word_1_470' title='bbox 1171 4111 1239 4166; x_wconf 80' lang='lat' dir='ltr'>xm,</span> <span class='ocrx_word' id='word_1_471' title='bbox 1249 4110 1279 4159; x_wconf 86' lang='lat'>26</span> <span class='ocrx_word' id='word_1_472' title='bbox 1290 4108 1334 4157; x_wconf 86' lang='lat' dir='ltr'>ob·</span> 
     </span>
    </p>
   </div>
   <div class='ocr_carea' id='block_1_21' title="bbox 863 4173 1413 4225">
    <p class='ocr_par' dir='ltr' id='par_1_35' title="bbox 863 4173 1413 4225">
     <span class='ocr_line' id='line_1_72' title="bbox 863 4173 1413 4225; baseline -0.002 -4"><span class='ocrx_word' id='word_1_473' title='bbox 863 4174 967 4221; x_wconf 83' lang='lat' dir='ltr'>servant.</span> <span class='ocrx_word' id='word_1_474' title='bbox 1007 4176 1039 4223; x_wconf 88' lang='lat' dir='ltr'>Et</span> <span class='ocrx_word' id='word_1_475' title='bbox 1063 4174 1185 4225; x_wconf 81' lang='lat' dir='ltr'>Fabricius</span> <span class='ocrx_word' id='word_1_476' title='bbox 1201 4173 1264 4221; x_wconf 89' lang='lat' dir='ltr'>Bibl.</span> <span class='ocrx_word' id='word_1_477' title='bbox 1284 4176 1330 4222; x_wconf 86' lang='lat' dir='ltr'>Gr.</span> <span class='ocrx_word' id='word_1_478' title='bbox 1408 4174 1413 4180; x_wconf 81' lang='grc'><strong>”</strong></span> 
     </span>
    </p>
   </div>
   <div class='ocr_carea' id='block_1_22' title="bbox 863 4235 1384 4614">
    <p class='ocr_par' dir='ltr' id='par_1_36' title="bbox 863 4235 1384 4614">
     <span class='ocr_line' id='line_1_73' title="bbox 864 4235 1384 4304; baseline 0.004 -19"><span class='ocrx_word' id='word_1_479' title='bbox 864 4240 922 4287; x_wconf 91' lang='lat' dir='ltr'>Vol.</span> <span class='ocrx_word' id='word_1_480' title='bbox 942 4241 973 4297; x_wconf 94' lang='lat' dir='ltr'>ll,</span> <span class='ocrx_word' id='word_1_481' title='bbox 989 4253 1047 4304; x_wconf 85' lang='lat' dir='ltr'>pag.</span> <span class='ocrx_word' id='word_1_482' title='bbox 1065 4239 1112 4300; x_wconf 86' lang='lat'>677</span> <span class='ocrx_word' id='word_1_483' title='bbox 1131 4256 1161 4288; x_wconf 82' lang='lat' dir='ltr'>ex</span> <span class='ocrx_word' id='word_1_484' title='bbox 1179 4235 1261 4286; x_wconf 86' lang='lat' dir='ltr'>Voffio</span> <span class='ocrx_word' id='word_1_485' title='bbox 1281 4253 1332 4286; x_wconf 87' lang='lat' dir='ltr'>me·</span> <span class='ocrx_word' id='word_1_486' title='bbox 1382 4285 1384 4287; x_wconf 78' lang='grc'>,</span> 
     </span>
     <span class='ocr_line' id='line_1_74' title="bbox 866 4299 1334 4361; baseline -0.006 -10"><span class='ocrx_word' id='word_1_487' title='bbox 866 4315 955 4361; x_wconf 85' lang='lat' dir='ltr'>morat,</span> <span class='ocrx_word' id='word_1_488' title='bbox 963 4305 989 4351; x_wconf 92' lang='lat' dir='ltr'>in</span> <span class='ocrx_word' id='word_1_489' title='bbox 999 4300 1160 4353; x_wconf 43' lang='lat' dir='ltr'>bibliotheca*</span> <span class='ocrx_word' id='word_1_490' title='bbox 1170 4299 1334 4355; x_wconf 67' lang='lat' dir='ltr'>Ambrofianae</span> 
     </span>
     <span class='ocr_line' id='line_1_75' title="bbox 863 4365 1334 4437; baseline -0.006 -20"><span class='ocrx_word' id='word_1_491' title='bbox 863 4365 945 4417; x_wconf 86' lang='lat' dir='ltr'>codice</span> <span class='ocrx_word' id='word_1_492' title='bbox 965 4370 1070 4429; x_wconf 85' lang='lat' dir='ltr'>Moreto</span> <span class='ocrx_word' id='word_1_493' title='bbox 1093 4367 1194 4437; x_wconf 61' lang='lat' dir='ltr'>virgulti</span> <span class='ocrx_word' id='word_1_494' title='bbox 1217 4365 1334 4435; x_wconf 62' lang='lat' dir='ltr'>adscripti</span> 
     </span>
     <span class='ocr_line' id='line_1_76' title="bbox 864 4433 1336 4487; baseline -0.006 -4"><span class='ocrx_word' id='word_1_495' title='bbox 864 4434 910 4483; x_wconf 83' lang='lat' dir='ltr'>elle</span> <span class='ocrx_word' id='word_1_496' title='bbox 921 4434 973 4483; x_wconf 87' lang='lat' dir='ltr'>haet</span> <span class='ocrx_word' id='word_1_497' title='bbox 982 4434 1072 4484; x_wconf 84' lang='lat' dir='ltr'>verba:</span> <span class='ocrx_word' id='word_1_498' title='bbox 1091 4434 1213 4483; x_wconf 77' lang='lat' dir='ltr'>Parthenius</span> <span class='ocrx_word' id='word_1_499' title='bbox 1225 4433 1336 4487; x_wconf 69' lang='lat' dir='ltr'>Murenam</span> 
     </span>
     <span class='ocr_line' id='line_1_77' title="bbox 1232 4498 1337 4562; baseline -0.029 -16"><span class='ocrx_word' id='word_1_500' title='bbox 1232 4498 1337 4562; x_wconf 66' lang='lat' dir='ltr'>Virgilius</span> 
     </span>
     <span class='ocr_line' id='line_1_78' title="bbox 1244 4564 1338 4614; baseline 0 -4"><span class='ocrx_word' id='word_1_501' title='bbox 1244 4564 1338 4614; x_wconf 64' lang='lat' dir='ltr'>munus</span> 
     </span>
    </p>
   </div>
   <div class='ocr_carea' id='block_1_23' title="bbox 0 0 1792 5509">
    <p class='ocr_par' dir='ltr' id='par_1_37' title="bbox 0 0 1792 5509">
     <span class='ocr_line' id='line_1_79' title="bbox 0 0 1792 5509; baseline 0 1"><span class='ocrx_word' id='word_1_502' title='bbox 0 0 1792 5509; x_wconf 95' lang='lat' dir='ltr'> </span> 
     </span>
    </p>
   </div>
  </div>
 </body>
</html>
