3575 5509
464 703 534 772 244
603 678 644 752 P.
682 670 964 748 VIRGILII
1016 662 1322 742 MARONIS

462 877 595 952 Pontus
611 895 646 949 ct
662 873 812 949 ostriferi
831 872 948 944 fauces
963 886 1140 942 tentantur
1155 865 1294 960 Abydi.

462 1013 572 1086 Libra
588 1013 647 1084 die
664 1010 847 1104 somnique
863 1032 962 1103 pares
979 1005 1041 1077 ubi
1059 1001 1181 1074 fccerit
1197 1001 1317 1087 horas,

462 1150 512 1222 Et
528 1147 688 1219 medium
705 1144 775 1216 luci
794 1160 900 1238 atque
913 1139 1048 1214 umbris
1055 1163 1133 1236 Jam
1149 1135 1283 1210 dividit
1298 1135 1447 1208 orbem:

464 1287 646 1368 Excrccte,
670 1280 749 1366 viri,
774 1297 911 1360 tauros;
937 1276 1039 1348 serite
1055 1273 1186 1346 hordea
1199 1272 1338 1368 campis
1375 1291 1448 1343 210

464 1419 586 1514 Usque
598 1415 661 1488 sub
672 1431 870 1485 extremum
880 1410 1018 1482 brumae
1031 1406 1261 1480 intraclabilis
1273 1405 1443 1478 imbrem.

498 1657 554 1702 207.
568 1643 664 1708 ostriferae
675 1641 764 1704 fragm.
776 1641 864 1687 Monet.
897 1635 1024 1684 Rariorem
1035 1635 1138 1684 formam
1150 1631 1257 1692 I'Assoi«
1269 1632 1383 1698 sequutus
1398 1629 1446 1680 effe

464 1720 559 1769 videtur
569 1721 654 1783 po'ct23
670 1716 747 1765 nescio
758 1732 805 1780 qua
815 1713 968 1764 auetoritatc.
993 1717 1064 1776 frum
1080 1728 1124 1777 pro
1132 1714 1209 1776 fauces
1219 1709 1304 1758 vitiose
1312 1710 1444 1756 Vm·-

466 1795 522 1844 208.
537 1798 576 1853 die,
591 1792 665 1856 vulgo
677 1792 779 1850 editum,
795 1791 886 1839 Medic.
904 1805 918 1837 a
935 1804 968 1836 m.
985 1803 1021 1852 pr.
1037 1804 1092 1836 cum
1103 1787 1195 1835 caeteria
1205 1787 1274 1834 codd.
1284 1784 1401 1848 agnoscit,
1418 1791 1445 1832 et

465 1866 839 1927 Priscianuc,Donatus,Probua.
871 1866 963 1913 Contra
972 1863 1254 1927 Charifiurrliscriptum
1264 1859 1329 1910 luill'e
1340 1869 1445 1907 conten·
1480 1877 1482 1882 ·

465 1946 516 2004 dit;
532 1945 619 1994 scilicet
629 1948 669 1991 diei
679 1944 803 1992 contradic
814 1942 887 1991 modo
898 1946 929 1988 Ire
940 1941 1012 1989 modo
1022 1943 1052 1987 dii
1061 1940 1244 2005 pronuntiatum
1261 1938 1302 1988 cll.
1334 1939 1373 1986 At
1383 1934 1444 1984 Gel-

465 2021 512 2072 liua
523 2022 554 2070 N.
567 2024 601 2069 A.
615 2023 660 2078 lX,
674 2035 703 2078 ¹4
715 2020 744 2068 ils
761 2020 857 2068 credere
876 2018 899 2066 se
918 2018 960 2076 ait,
977 2017 1017 2081 qui
1028 2021 1068 2064 [res
1085 2017 1110 2064 ln
1125 2017 1174 2081 ipso
1186 2015 1287 2082 Virgilii
1302 2013 1443 2080 apogriplto

466 2099 557 2149 Iccium
567 2097 634 2147 luille
645 2098 783 2156 traderent3
800 2113 854 2145 cum
870 2096 963 2160 antiqui
983 2096 1068 2144 eodem
1087 2095 1160 2143 modo
1171 2093 1302 2142 secundum
1312 2092 1393 2142 casum
1403 2107 1443 2140 cx·

466 2174 574 2224 tulerint.
591 2174 642 2223 vid.
654 2173 679 2221 h.
690 2173 705 2222 l.
720 2173 803 2221 Heins.
837 2175 863 2220 ln
875 2174 987 2220 Romano
998 2187 1035 2236 ap.
1049 2171 1156 2219 Plcrium
1165 2173 1206 2218 diei
1215 2170 1332 2234 scriptum
1343 2179 1403 2227 erat,
1416 2168 1441 2216 in

465 2252 564 2315 reliquls
577 2256 615 2298 die.
636 2255 720 2314 fecerat
741 2250 838 2298 Zullch.
877 2269 922 2297 cum
940 2250 978 2298 cd.
994 2247 1220 2312 Mediol.--209.
1234 2251 1311 2296 dvidr't
1328 2245 1441 2295 Helui-e

466 2327 619 2385 melioribua;
633 2331 710 2374 diuidet
720 2327 833 2376 intulerat
844 2327 981 2392 Naugerius
990 2325 1048 2375 Ala
1058 2335 1116 2374 tert.

467 2531 575 2590 nobilis.
605 2552 634 2589 r.
660 2529 738 2588 Fulv.
763 2528 876 2588 Urlinus
901 2543 929 2588 et
975 2530 1061 2588 nocie.
1100 2528 1194 2598 Libra,
1216 2529 1246 2586 lr.
1270 2529 1355 2588 solia
1374 2527 1441 2588 libra

468 2609 575 2678 Cerda;
595 2608 677 2665 etiam
690 2609 775 2665 nostra
787 2622 880 2684 aetate5
901 2628 928 2665 v.
975 2609 1070 2664 dividit
1087 2607 1177 2674 orbem,
1203 2605 1234 2666 h.
1258 2607 1369 2678 caelum,
1394 2631 1438 2666 ne-

468 2685 548 2761 Guys
570 2687 658 2758 (Voya
676 2711 688 2742 e
709 2684 831 2742 litteraire
851 2687 882 2741 de
902 2684 931 2741 la
976 2689 1044 2742 dium
1055 2683 1107 2743 luci
1119 2682 1309 2762 atqueambrir,
1329 2685 1361 2745 h.
1373 2681 1440 2742 inter

469 2765 548 2818 Grece
575 2761 630 2821 To.
650 2711 690 2831 il,
710 2782 738 2839 p.
760 2765 837 2836 238.)
886 2759 930 2817 Ex
977 2761 1051 2819 diem
1073 2775 1101 2818 et
1132 2762 1239 2819 nouem
1271 2760 1390 2830 dividit,
1412 2759 1441 2818 in

468 2839 597 2897 sideribus
624 2859 688 2896 vero
717 2839 827 2916 poetico
856 2857 931 2895 more
977 2837 1049 2895 linea
1090 2837 1273 2916 aequinodliali
1316 2837 1442 2898 constitu-

468 2914 605 2993 ligillatim
616 2917 719 2994 aliquot
732 2914 930 2993 septemtriona·
978 2929 1032 2983 tus,
1052 2915 1117 2972 dum
1137 2934 1186 2973 nec
1204 2913 1295 2973 versut
1312 2915 1440 2974 arfficum

468 2993 506 3051 lia
517 3009 665 3059 errurnerat,
684 3011 798 3070 quorum
812 3011 874 3049 cum
886 3011 931 3049 or·
978 3013 1064 3070 neque
1103 2992 1137 3049 ad
1176 2991 1357 3050 antariiicum

469 3087 499 3128 tu
518 3072 642 3147 procellae
662 3072 802 3147 ingruunt.
843 3069 931 3125 Caete-
979 3071 1035 3126 lum
1072 3069 1205 3146 procedit,
1248 3088 1338 3158 noque
1408 3088 1441 3127 oo

468 3167 529 3205 rum
551 3147 653 3204 Plinius
671 3151 706 3203 ad
726 3146 754 3203 lr.
777 3148 796 3204 l.
818 3144 933 3222 respexit
979 3146 1100 3204 alterutri
1129 3144 1201 3223 parti
1229 3145 1370 3224 longiores
1387 3145 1442 3204 dier

469 3223 533 3282 libr.
549 3224 663 3288 XVIII,
685 3224 745 3280 secl.
772 3227 817 3302 56·
980 3223 1121 3298 noctesque
1141 3221 1241 3281 attulit.
1293 3221 1384 3282 bruma
1402 3233 1440 3280 in·

511 3304 578 3359 208.
617 3301 662 3356 Ab
685 3297 847 3374 aequinoilio
868 3317 932 3354 auc·
979 3300 1130 3367 trauaida,
1159 3301 1238 3367 dura,
1277 3297 1383 3389 aspera,
1413 3313 1442 3358 ut

469 3377 583 3434 tumnali
596 3376 676 3453 usquc
689 3378 721 3431 ad
735 3375 856 3432 brumam
869 3375 932 3430 hor·
980 3377 1044 3433 alias
1059 3381 1188 3444 indomita,
1215 3396 1276 3464 quae
1292 3396 1340 3434 vix
1358 3375 1443 3445 vinci,

469 3453 514 3509 dci
527 3454 655 3509 larionem
668 3453 717 3508 elle
729 3452 776 3509 ait.
811 3449 933 3507 Pulchri·
980 3453 1111 3530 superari,
1129 3454 1238 3510 toletan
1261 3455 1356 3530 potest.
1396 3452 1440 3510 Sic

468 3531 536 3586 tudo
548 3530 613 3595 loci,
626 3530 752 3585 cxforma
761 3527 932 3605 signi,librae,
980 3531 1086 3598 melius,
1117 3544 1241 3619 quamut
1267 3531 1310 3596 fit,
1336 3529 1368 3589 In
1391 3551 1442 3609 qua

469 3607 563 3680 petita,
602 3607 694 3670 obvia,
736 3626 816 3682 quam
851 3604 932 3662 multi
980 3623 1089 3684 propter
1100 3607 1210 3684 frigoris
1231 3605 1352 3684 rigorem
1371 3607 1441 3664 nulla

469 3682 603 3740 inritando
635 3682 732 3759 allcqni
764 3682 932 3748 studuerunt,
980 3704 1020 3740 res
1046 3685 1165 3749 tradari,
1194 3682 1251 3751 ai,
1283 3685 1385 3762 potcst3
1404 3683 1443 3744 ita

469 3759 718 3912 titulun·
740 3759 861 3894 liri
882 3777 930 3894 a·
979 3758 1442 3898 torneamenta

469 3930 505 3986 42
532 3915 597 3968 Cum
612 3873 722 3987 ‘statibus
743 3913 822 3970 ‘litun
852 3913 932 3969 orbem
974 3863 1043 3972 inurar
1065 3913 1165 3972 imbrem
1186 3912 1247 3971 noll
1272 3931 1370 3992 urgete
1377 3939 1386 3986 3
1413 3928 1442 3973 et

468 3989 604 4045 libraverit
626 3990 700 4044 hiric.
740 3989 824 4046 Horae
841 4006 930 4046 autern
978 3994 1014 4049 est
1027 3990 1203 4070 cogitandum
1216 3989 1250 4048 dc
1263 3994 1331 4050 calo
1345 3991 1442 4058 Italia.

465 4083 550 4143 pairs,
607 4066 651 4119 uia
673 4064 731 4121 dies
754 4081 808 4122 tam
830 4066 932 4122 aeriivus
980 4067 1009 4125 in
1020 4089 1075 4145 quo
1086 4067 1202 4126 hiemale
1220 4081 1275 4126 tem
1295 4089 1326 4126 us
1343 4087 1443 4146 magun

467 4162 548 4219 quarn
570 4142 599 4197 hi
636 4160 697 4198 mus
713 4141 857 4198 duodecim
880 4143 930 4200 ho-
979 4143 1019 4202 sui
1029 4159 1105 4223 parte
1123 4142 1246 4222 pluvium
1297 4188 1306 4205 .
1345 4144 1443 4204 Setun-

468 4219 517 4285 ris,
538 4219 583 4275 sed
595 4216 724 4294 longioris
736 4220 830 4286 modo,
845 4220 930 4277 modo
979 4235 1024 4280 tur
1045 4234 1134 4279 autem
1156 4220 1258 4279 hordea
1279 4221 1444 4281 austumnali

468 4295 599 4354 brevioris
623 4294 714 4371 spani,
734 4294 929 4362 absolvebatur,
978 4313 1100 4377 tempore
1130 4295 1160 4353 in
1184 4297 1263 4356 terris
1287 4297 1444 4378 benigniori

467 4374 589 4449 adeoque
607 4373 690 4441 horae,
720 4368 761 4426 uti
782 4371 930 4431 etiamnum
978 4376 1046 4434 caelo
1070 4373 1279 4448 subjacentibus.
1330 4373 1442 4434 Colum.

468 4449 498 4508 i'n
520 4449 610 4517 ltalia,
642 4469 691 4525 pro
712 4446 818 4506 dicrum
838 4448 931 4525 spatiis
979 4451 1049 4529 H,9
1068 4469 1095 4510 et
1107 4450 1142 4510 al.
1155 4450 1247 4510 Varro
1259 4451 1286 4519 1.
1309 4451 1444 4530 34.Plin.

466 4541 543 4584 crant
578 4527 701 4605 impares.
753 4530 853 4602 somnus
878 4546 931 4605 pro
979 4529 1092 4600 XVIII,
1107 4527 1245 4608 10,§.1;
1272 4528 1340 4588 hinc
1362 4529 1446 4590 meffis

1129 4621 1149 4682 ἱ
1395 4623 1457 4686 Ψ.
