3575 5509
556 674 683 775 PER,
709 671 907 765 Annos
941 674 1214 767 DIGE'sTA.
1307 699 1398 770 cen

783 882 830 959 U.
859 886 903 960 C.
958 886 1015 960 2.

516 1007 624 1100 Cesar
639 1009 840 1079 Ollavianus
864 906 952 1079 VL7
971 888 1029 1079 llll.
1050 971 1199 1105 Agrippa
1214 1010 1263 1083 II.
1315 1093 1322 1103 ⁶

634 1152 667 1198 a.
687 1127 725 1200 C.
746 1130 812 1201 28.
858 1127 992 1223 Virgilii
1004 1148 1153 1220 42-43.
1279 1123 1281 1128 ⁴

446 1265 585 1345 Apollinis
598 1266 628 1325 in
640 1261 749 1324 P'alatio
764 1267 897 1344 templum
909 1286 973 1324 cum
985 1255 1156 1324 bibliotheca
1168 1266 1262 1327 Caesar
1274 1252 1392 1348 perfecit

402 1367 434 1412 et
446 1356 599 1415 dedicavit.
640 1357 734 1417 Ludos
746 1357 872 1418 Allienus
883 1358 1110 1437 quinquennales,
1119 1377 1235 1438 propter
1246 1362 1390 1422 vintoniam

406 1442 552 1504 Aliiacam
573 1447 632 1520 jam
652 1464 715 1505 ante
734 1447 871 1515 decretos,
890 1465 954 1508 cum
974 1448 1105 1528 Agrippa
1130 1450 1265 1509 exhibuit.
1306 1456 1390 1511 Tunc

404 1536 532 1612 gymnici
546 1538 720 1616 quoqueludi
734 1538 786 1597 aui
801 1538 869 1598 sunt.
913 1538 972 1598 Dio
986 1540 1071 1607 LIII,
1089 1559 1114 1597 1.

445 1625 507 1683 Hos
520 1628 598 1686 ludos
609 1628 783 1689 adumbravit
794 1633 879 1708 poita
888 1629 937 1688 sub
950 1629 995 1696 iis,
1009 1645 1077 1708 quos
1090 1631 1210 1691 AEn'eam
1231 1631 1306 1691 suum
1323 1632 1390 1691 lacit

406 1714 546 1779 instituere
555 1719 619 1779 AEn.
633 1722 693 1788 III,
708 1726 764 1781 280
785 1723 911 1801 Alliaque
931 1720 1019 1779 Iliacis
1037 1720 1189 1782 celebramus
1206 1723 1297 1783 littora
1311 1723 1388 1782 ludin

406 1810 531 1867 Exercent
536 1818 644 1887 patrias
653 1812 706 1870 olea
714 1810 812 1870 labente
820 1812 960 1891 palaestras
971 1814 1150 1888 Nudatisocii.
1428 1828 1430 1832 ⁴

784 1981 835 2060 U.
865 1988 909 2061 C.
964 2010 1021 2061 2.

499 2118 610 2212 Caesar
626 2122 827 2197 Ollovianuu
847 2010 959 2192 Vll.7
980 2013 1036 2191 ll.
1057 2121 1206 2218 Agrippa
1224 2119 1293 2197 III.

629 2271 661 2316 a.
684 2244 719 2315 C.
740 2267 797 2339 27.
849 2245 983 2339 Virgilii
993 2266 1146 2338 43-44.

445 2379 537 2457 Caesar
552 2403 585 2439 ex
596 2386 730 2441 antediem
745 2382 818 2441 XVI
833 2381 899 2439 Kal.
921 2380 1071 2446 Februarii,
1075 2384 1207 2456 sintentia
1220 2382 1254 2439 L.
1270 2382 1390 2443 Munatii

404 2468 506 2536 Planci,
524 2496 542 2528 a
548 2476 644 2547 senatu
663 2477 802 2551 caterisque
824 2471 928 2530 civibus
950 2470 1088 2549 Augustus
1112 2470 1253 2549 appellatus
1275 2478 1321 2552 est,
1333 2478 1390 2556 sesi

393 2552 537 2635 ſsptimum,
550 2578 575 2618 et
584 2564 627 2619 M.
641 2564 757 2638 Vrpstznio
767 2564 885 2639 Agrippa
898 2566 1009 2627 tertium,
1024 2560 1179 2635 Civilibus.
1221 2562 1388 2623 Censorinus

404 2667 431 2705 c.
444 2668 490 2707 22.
505 2670 533 2706 v.
545 2650 603 2708 Dio
616 2652 702 2717 LlIl,
716 2650 749 2708 16
760 2651 854 2728 ibique
868 2650 890 2707 F
892 2650 980 2708 abrit.
1022 2648 1132 2708 Romuli
1156 2671 1257 2709 nomen
1279 2671 1296 2710 a
1317 2674 1387 2712 non-

403 2740 483 2797 nullis
490 2743 671 2820 proposutum
684 2755 713 2801 et
725 2741 828 2820 abipso
842 2744 965 2821 Augusto
971 2761 1142 2821 magnopere
1154 2745 1205 2801 elle
1220 2744 1387 2821 appetitum,

404 2829 466 2889 satis
487 2833 601 2891 constat.
617 2854 644 2891 v.
666 2833 725 2891 Dio
748 2832 818 2890 ibid.
841 2831 956 2907 Suetou.
979 2834 1056 2910 Aug.
1082 2854 1110 2909 7.
1160 2836 1257 2911 ltaque
1279 2835 1388 2893 versum

404 2918 516 3005 Georg.
531 2922 590 2987 ΙΙΙ,
606 2940 641 2999 27
663 2926 815 2999 viliorisque
836 2942 911 2977 arma
936 2921 1044 2994 Quirini
1065 2920 1130 2978 hinc
1150 2921 1387 2998 interpretandum

403 3010 455 3067 else
465 3009 620 3068 existimant
638 3010 693 3068 viri
706 3010 801 3077 doun
821 3008 894 3086 quod
910 3008 1015 3065 firelle
1036 3008 1172 3072 facerent,
1192 3010 1241 3066 etsi
1254 3008 1336 3067 nimis
1350 3013 1388 3069 le·

403 3099 446 3156 vis
457 3100 684 3177 estillasulpicio‚
698 3114 805 3177 pateret
819 3086 854 3157 ex
872 3099 937 3163 hoc,
950 3096 1096 3175 Georgica
1116 3097 1209 3165 serius,
1232 3118 1315 3176 quam
1329 3121 1388 3176 7²4

401 3187 535 3257 absoluta,
549 3191 643 3249 saltem
666 3190 742 3248 edita
762 3204 791 3247 et
813 3190 929 3267 vulgata
949 3187 1036 3245 t‘u'tlie.
1077 3188 1209 3265 Namque
1228 3186 1297 3245 illud
1319 3209 1387 3247 uon-

399 3280 539 3340 'nullorum
553 3298 750 3347 commentum,
771 3281 805 3339 de
818 3279 939 3338 versibus
953 3278 1037 3337 serius
1057 3293 1086 3337 et
1105 3279 1223 3338 secunda
1236 3279 1328 3357 aliqua
1342 3302 1385 3361 re-

402 3372 529 3431 censione
549 3371 665 3439 insertis,
683 3372 757 3450 quod
770 3370 842 3429 forte
855 3391 890 3429 ex
904 3360 1020 3434 Donato
1033 3369 1058 3446 p
1080 3388 1117 3449 50
1130 3370 1250 3447 petitum
1263 3372 1310 3436 est,
1331 3392 1386 3429 non

402 3462 554 3521 admodum
566 3464 727 3542 probamus.
767 3464 863 3520 Multo
877 3461 966 3519 minus
979 3461 1118 3517 Harduini
1132 3460 1235 3518 somnia
1249 3480 1297 3518 nos
1309 3476 1386 3519 tene-

402 3552 486 3619 bunt,
500 3572 563 3610 cum
575 3553 603 3610 in
618 3554 740 3631 reliquis,
760 3565 817 3609 tum
832 3551 861 3608 in
875 3552 920 3616 iis,
941 3571 1002 3628 quae
1023 3570 1059 3609 ex
1084 3566 1240 3627 temporum
1262 3554 1386 3631 angustia

401 3659 501 3700 contra
511 3641 633 3700 AEneidis
645 3662 661 3700 a
674 3642 796 3721 Virgilio
809 3640 960 3719 susceptum
974 3661 1042 3717 opus
1057 3641 1175 3719 disputat
1186 3642 1215 3699 in
1229 3637 1385 3718 l’siudovir·

397 3731 466 3809 gilio
483 3731 571 3808 (inter
581 3734 677 3809 Opera
696 3731 774 3790 varia
791 3753 820 3809 p.
847 3732 932 3805 280).
973 3731 1057 3788 Talia
1078 3731 1215 3797 refellere,
1240 3733 1321 3789 nostri
1335 3734 1386 3790 otii

402 3822 518 3879 nonest.
560 3823 622 3881 Post
634 3824 688 3885 hoc
697 3821 791 3899 itaque
802 3836 910 3899 tempus
924 3820 1008 3878 etiam
1023 3822 1071 3879 itte·
1087 3824 1163 3879 locus
1177 3823 1241 3878 AEn.
1255 3824 1311 3889 Vl,
1326 3845 1382 3900 792

400 3909 517 3989 scriptus
537 3901 722 3970 esset'debet:
744 3916 795 3969 Hic
808 3918 867 3977 vir,
886 3912 981 3988 hicesl,
1001 3910 1052 3968 tibi
1071 3935 1140 3991 quem
1158 3918 1276 3988 promitti
1289 3917 1387 3990 sapius

400 4006 488 4069 audis,
497 4004 624 4082 Augustus
638 4004 663 4059 C
663 4007 740 4078 asar,
752 4004 828 4059 Divi
835 4024 923 4079 genas.
1325 4080 1327 4083 ᾖ

443 4092 579 4169 Augustus
603 4095 676 4151 bello
696 4094 724 4150 in
746 4091 892 4149 Britannos
913 4107 1024 4166 parato,
1045 4088 1090 4147 sed
1111 4109 1176 4148 mox
1196 4090 1322 4167 seposito,
1350 4089 1387 4145 ab

401 4180 481 4239 Urbe
492 4181 522 4240 in
538 4183 645 4242 Gallias
667 4200 697 4242 et
716 4175 864 4260 Hispaniis
878 4179 1070 4259 proficiscitur,
1085 4181 1144 4237 nid.
1165 4181 1225 4239 Dio
1247 4180 1385 4241 L111‚2z

388 4271 463 4354 nsqq·
479 4271 557 4347 Ergo
571 4274 656 4349 Janus
671 4268 741 4331 nunc
758 4272 898 4331 reseratus.
940 4272 1057 4331 Messala
1079 4290 1114 4328 ex
1129 4271 1221 4328 Gallia
1235 4267 1388 4343 triumphat

402 4360 463 4419 VII
474 4360 538 4418 Kal.
553 4364 667 4422 Ollobr.
683 4385 710 4420 v.
726 4364 761 4420 ad
772 4363 879 4421 Tibull.
894 4362 920 4429 Ι,
931 4383 959 4438 7.

441 4451 524 4509 Hune
537 4472 622 4529 porro
633 4473 732 4512 annum
750 4456 885 4531 affignant
906 4452 961 4510 viri
974 4449 1048 4509 doni
1072 4450 1178 4526 Satyrae
1195 4442 1311 4503 decime
1325 4444 1388 4524 libri

402 4539 664 4621 IHoratii,iu(1ua
682 4564 711 4601 v.
734 4566 770 4623 45
793 4544 861 4602 molle
884 4560 959 4621 atque
967 4547 1089 4620 facetum
1117 4533 1226 4614 Virgilio
1249 4538 1389 4615 adranam

848 4654 865 4690 0
888 4654 903 4689 2
1251 4627 1390 4701 gaudemus
