3575 5509
466 721 537 818 ψι
725 712 1168 792 EXCURSUSL

466 929 590 992 Pleiaden
600 926 694 1003 solim
714 928 782 987 lm
802 926 870 985 nach
892 928 940 984 ler
960 925 1039 984 Sam
1054 925 1217 1004 mergeben,
1241 920 1397 1005 da'nriiſsn
1418 934 1462 992 Ire

465 1036 670 1093 Sonaretwain
684 1032 795 1090 Zeithen
806 1035 853 1091 der
875 1046 905 1103 χ
919 1031 1021 1108 stebm,
1037 1027 1099 1091 'trud
1115 1033 1163 1088 das
1179 1030 1250 1109 gie'be
1258 1037 1316 1110 fur
1329 1037 1375 1092 die
1396 1035 1460 1095 Zeie

465 1144 508 1201 des
529 1140 730 1217 Honignebmens
747 1155 822 1197 erwa
843 1142 892 1197 den
908 1140 1017 1197 Mira:
1047 1137 1177 1215 hybernae
1203 1138 1282 1200 undae
1308 1140 1389 1219 laffen
1409 1146 1459 1203 las

465 1244 620 1305 eiebezu.”

505 1348 552 1406 Ex
571 1345 759 1407 astronomicis
779 1345 874 1425 itaque
898 1342 1049 1405 rationibus
1068 1344 1172 1405 nullam
1195 1345 1278 1424 plane
1298 1346 1356 1407 loci
1367 1346 1457 1409 inter·

464 1450 649 1531 pretationem
671 1450 823 1531 procedere
849 1469 946 1509 omnes
970 1450 1103 1509 fatentur.
1152 1448 1305 1509 Enimvero
1327 1472 1360 1511 re
1390 1453 1458 1516 dili.

466 1554 579 1633 gentius
600 1555 742 1636 perpensa,
764 1556 836 1615 male
855 1554 910 1615 boc
930 1553 1020 1633 ipsum
1044 1553 1106 1615 lieri
1129 1553 1201 1622 vidi,
1228 1554 1305 1634 quod
1332 1555 1456 1621 rationes

465 1660 569 1718 nostras
583 1662 776 1723 astronomicas
794 1662 913 1722 intulere
926 1660 980 1721 viri
990 1660 1075 1720 dosii.
1115 1663 1162 1722 Ex
1172 1660 1291 1741 po‘e’tieio
1301 1661 1455 1725 rationibus

465 1762 514 1823 lux
527 1760 753 1840 interpretationi
766 1745 887 1838 pe'tenda
907 1774 986 1818 erat:
1006 1780 1092 1839 quam
1111 1774 1260 1839 antequam
1277 1762 1455 1834 constituam,

465 1880 498 1925 ut
516 1879 581 1925 rem
589 1867 652 1927 satin
665 1868 739 1928 clare
752 1885 903 1945 exponam,
926 1864 982 1924 duo
995 1880 1059 1925 ante
1071 1872 1185 1928 monere
1197 1866 1298 1928 liceat:
1317 1868 1454 1947 primum,

464 1970 585 2031 sollenne
598 1975 650 2034 esl'e
663 1973 765 2052 pontis,
778 1971 864 2032 etiam
873 1970 919 2039 iis,
932 1970 982 2052 qni
994 1970 1029 2029 de
1039 1971 1226 2033 astronomicis
1238 1971 1413 2051 precipiunt,
1423 1988 1457 2034 ut

465 2074 496 2134 in
516 2075 699 2138 describendis
721 2077 852 2137 fideribne
863 2075 969 2135 tabulae
980 2076 1022 2133 sui
1033 2075 1163 2154 temporis
1175 2077 1286 2136 caelestes
1307 2092 1337 2136 et
1352 2076 1455 2139 asteris·

465 2198 524 2238 mon
548 2180 577 2239 in
604 2181 639 2241 iis
659 2198 767 2242 notatos
791 2183 946 2261 sequantur,
959 2162 1119 2259 ’formasque
1135 2195 1164 2240 et
1185 2182 1283 2260 figuras
1305 2182 1393 2261 pistas
1417 2182 1455 2242 itu

464 2284 629 2362 exprimant,
648 2288 721 2365 quasi
733 2306 772 2345 eae
783 2285 813 2343 in
825 2285 892 2344 caelo
904 2303 964 2341 verr
978 2281 1192 2360 conspiciantur,
1210 2282 1314 2342 scilicet
1328 2298 1360 2342 ut
1373 2306 1454 2345 orna.

335 2394 338 2397 ’
464 2401 524 2447 tum
542 2391 658 2450 versibus
675 2391 728 2449 suin
744 2410 779 2448 ex
796 2410 887 2449 earum
906 2387 1036 2447 varietate
1052 2401 1156 2465 petant.
1195 2388 1241 2448 Est
1258 2408 1343 2467 porto
1362 2394 1454 2469 poetis

463 2511 621 2563 commune,
640 2508 670 2551 ut
682 2494 776 2572 fugem
791 2509 818 2552 et
838 2492 914 2572 sequi
929 2493 966 2563 se,
985 2490 1123 2571 adspicere
1135 2492 1178 2551 vel
1191 2492 1336 2571 respicere,
1356 2496 1453 2556 dican.

463 2606 509 2652 tur
530 2595 615 2653 srdera
635 2616 691 2655 non
706 2596 813 2675 ,semper
834 2609 909 2655 ortus
930 2611 958 2655 et
981 2593 1102 2663 occasus,
1120 2594 1288 2655 succeffionie
1310 2612 1340 2656 et
1363 2613 1453 2659 motus

462 2698 594 2778 aspectu,
615 2723 665 2762 nec
685 2704 739 2762 alia
758 2705 793 2764 de
812 2704 910 2772 caussa,
930 2722 1011 2781 quam
1031 2703 1106 2781 quod
1126 2701 1156 2760 in
1177 2702 1271 2761 tabula
1282 2704 1380 2764 caelcsti
1394 2706 1453 2765 talie

463 2822 559 2863 eorum
581 2807 681 2885 potitur
700 2809 831 2878 occurrit,
851 2822 882 2867 ut
904 2824 951 2868 aut
972 2828 1008 2867 ex
1030 2805 1143 2865 adverso
1163 2805 1215 2865 fibi
1235 2806 1384 2877 collocata,
1405 2822 1453 2866 aut

462 2922 628 2986 quocunqne
640 2909 723 2967 modo
735 2909 855 2988 opposita
867 2912 912 2971 vel
922 2910 1039 2987 subjecta
1051 2910 1111 2970 lint.
1150 2909 1199 2969 Sic
1213 2905 1285 2989 aptid
1300 2909 1453 2970 Manilium

461 3004 488 3073 Ῑ,
510 3009 575 3083 263.
598 3011 654 3084 264
666 3014 765 3071 Aurata
771 3023 884 3093 princepe
896 3016 971 3073 Aries
983 3018 1010 3071 in
1021 3011 1116 3071 vellere
1117 3019 1227 3092 surgent
1242 3013 1351 3089 Respicit
1369 3016 1452 3073 admi·

464 3133 526 3170 rans
544 3119 663 3189 averfiem
672 3121 781 3197 surgere
799 3116 925 3178 Taurum.
972 3112 1081 3174 Praeivit
1094 3114 1183 3173 statim
1197 3116 1336 3173 Homerus
1348 3113 1377 3172 in
1389 3129 1456 3174 noto

463 3213 543 3273 versu
565 3216 647 3278 Iliad.
673 3246 703 3289 e,
722 3223 792 3298 488,
811 3234 839 3278 et
856 3219 954 3297 Odyss.
978 3246 1001 3290 e,
1021 3237 1089 3297 274,
1107 3217 1175 3278 dum
1188 3218 1289 3278 Ursam
1301 3216 1373 3277 dicit
1382 3218 1456 3278 verti

366 3370 369 3379 .
409 3367 411 3372 s
463 3322 539 3380 circa
563 3325 668 3401 polum,
688 3339 716 3384 et
738 3324 872 3383 Orionem
891 3324 1027 3402 despicere
1045 3338 1073 3381 et
1098 3322 1253 3381 observare:
1275 3319 1321 3379 καὶ
1346 3322 1455 3401 ’nesure

465 3420 565 3481 δοκεύει·
587 3426 663 3503 atqui
681 3424 706 3482 is
724 3426 810 3503 longe
829 3426 864 3484 ab
877 3447 909 3486 ea
921 3426 1003 3495 abest,
1023 3424 1100 3484 Ursae
1113 3440 1203 3483 tamen
1217 3444 1251 3484 ex
1263 3426 1376 3487 adverso
1387 3428 1458 3506 pofi·

464 3535 518 3584 tus.
555 3527 602 3583 'Ita
622 3527 723 3590 centies
744 3529 845 3587 Aratus
856 3530 973 3589 fiderum
985 3529 1064 3588 situm
1075 3528 1208 3606 defigunt,
1229 3527 1362 3607 fimnlque
1373 3549 1458 3589 orna.

413 3655 415 3660 .
464 3636 524 3684 turn
544 3648 579 3687 ex
598 3645 694 3690 natura
711 3630 856 3692 animantis
875 3635 917 3694 vel
933 3635 1039 3713 figure,
1058 3654 1120 3713 qnae
1143 3632 1249 3711 fignum
1269 3629 1349 3701 facit,
1366 3632 1440 3712 petit
1447 3653 1458 3703 3

462 3727 504 3788 ita
516 3733 605 3794 Orion
618 3738 767 3817 insequitur
780 3740 929 3818 leporem3
949 3754 978 3797 at
988 3738 1073 3802 Sirius
1084 3738 1170 3796 fertur
1180 3735 1331 3814 insequenti
1350 3736 1460 3809 similis,

463 3840 565 3913 φίξέται
576 3844 687 3908 μετιόντι
707 3846 796 3912 ἔιιιιῖις,
817 3845 873 3903 Kotr'
889 3845 911 3901 oi
930 3848 1086 3908 ἓτωιτέλλιι,
1102 3843 1149 3901 καί
1162 3868 1204 3912 μιν
1226 3842 1350 3898 κατιόντα
1364 3840 1458 3905 detinet,

454 3961 490 4022 Ιιν.
515 3962 569 4019 340
590 3942 629 4020 sq.
650 3945 686 4003 cf.
702 3968 731 4007 v.
754 3951 790 4005 28
804 3948 843 4026 sq.
857 3954 914 4025 316
927 3949 967 4028 sq.
1006 3948 1075 4008 Sunt
1096 3946 1152 4005 alia
1167 3942 1308 4002 innumera
1328 3945 1460 4023 exempla

423 4050 425 4054 ’
454 4046 710 4124 ιβριιιὶΜιιιὶΙὶιιιιι,
730 4066 760 4108 ut
773 4052 803 4109 in
816 4073 870 4112 nno
887 4053 949 4111 loco
962 4051 1013 4112 lib.
1034 4052 1076 4119 II,
1095 4054 1152 4136 485
1171 4049 1225 4129 sq,
1245 4048 1294 4107 ubi
1306 4047 1380 4106 inter
1390 4049 1461 4109 alia.

463 4152 572 4213 Taurus
577 4155 705 4237 fulgentes
718 4157 790 4214 videt
802 4175 877 4237 atque
893 4162 966 4218 audit
972 4175 1023 4237 per
1030 4159 1121 4235 fidera
1140 4159 1234 4231 Pisces.
1258 4152 1296 4213 cf.
1316 4152 1359 4222 Π,
1385 4155 1460 4230 466.

463 4277 530 4338 5¹9·
554 4240 695 4335 456.'1ib.
716 4255 730 4313 I
749 4271 818 4316 extr.
858 4258 926 4317 Alia
942 4261 1065 4338 exempla
1086 4279 1121 4318 ex
1142 4257 1250 4316 Ovidio
1263 4269 1360 4344 notare
1378 4256 1459 4318 licet.

461 4363 526 4446 Jarn
548 4382 611 4422 cum
630 4362 701 4439 apud
721 4360 872 4440 Virgilium
894 4360 1018 4421 Pleiades
1037 4362 1168 4421 dicuntur
1190 4361 1348 4421 occidentes
1357 4369 1461 4442 fugere

462 4470 569 4544 Pffcem,
588 4468 631 4524 seu
646 4465 743 4539 Pisces,
763 4466 815 4524 hoc
828 4466 863 4524 ad
877 4467 956 4525 filum
968 4466 1085 4526 siderum
1097 4467 1127 4524 in
1137 4465 1237 4544 sphaera
1247 4463 1329 4522 unice
1340 4464 1458 4542 speslat3

462 4590 526 4637 nam
545 4570 666 4638 aversum
689 4568 824 4644 Taurum,
844 4568 966 4659 adeoque
988 4567 1076 4629 Tauri
1095 4581 1178 4655 caput
1198 4588 1264 4627 cunr
1287 4564 1461 4637 Pleiadibus,

1284 4667 1461 4754 subsequitur
