3575 5509
406 660 453 754 7⁶
550 649 905 731 rumorum
948 641 1239 731 murorum
1288 675 1291 682 ·

403 860 531 921 viderunt
543 856 592 916 alii
605 856 658 915 viri
671 856 757 925 dosii,
769 856 851 933 inque
861 854 905 913 his
917 856 1046 925 Nomas,
1058 856 1102 915 vir
1114 858 1278 920 doetiffimus
1292 863 1385 938 (Men.

403 967 434 1025 de
444 964 550 1023 I’Acad.
565 963 606 1019 des
618 962 733 1036 Inscn'pr.
748 959 833 1016 Tom.
846 957 964 1031 XXXI)
977 973 1004 1016 et
1018 961 1076 1035 jam
1088 975 1151 1018 ante
1160 981 1224 1022 curn
1234 964 1280 1023 vir
1291 966 1386 1028 dosiut
1479 995 1484 1012 ·

402 1067 536 1146 (Boulacre
551 1066 580 1122 in
600 1062 768 1141 Bibliotheque
787 1062 918 1139 Franfoise
933 1061 1175 1133 Tom.XXV111‚
1201 1086 1230 1143 p.
1250 1074 1332 1145 243),
1350 1088 1385 1134 ex

402 1170 505 1248 nuptiis
518 1167 662 1229 Octaviani
675 1185 738 1227 cum
751 1164 906 1233 Scribonia,
929 1184 1045 1243 quacum
1065 1179 1155 1226 tamen
1174 1188 1247 1227 anno
1261 1171 1385 1251 sequente

401 1276 552 1337 divortium
565 1274 643 1343 secit,
656 1272 775 1351 suscepta
786 1291 821 1331 ex
833 1291 865 1330 ea
878 1272 961 1348 Julia.
995 1272 1120 1331 Duxerat
1131 1293 1192 1333 earn
1201 1273 1293 1334 Csaesar
1304 1275 1386 1339 initio

402 1380 481 1449 anni,
493 1399 548 1457 quo
561 1377 650 1437 Pollio
662 1377 730 1438 Cos.
743 1391 812 1446 erat,
831 1396 945 1453 eamque
966 1376 1016 1435 sub
1035 1376 1100 1436 anni
1118 1376 1237 1447 exitum,
1256 1397 1310 1455 qno
1328 1397 1384 1458 par

401 1482 564 1543 Brundisina
582 1481 653 1539 fasta
675 1482 723 1550 est,
743 1481 833 1559 partui
854 1482 974 1540 vicinam
995 1481 1083 1551 suille,
1104 1500 1139 1544 ex
1156 1500 1190 1546 eo
1209 1482 1381 1559 intelligitur,

401 1584 476 1663 quod
488 1582 563 1659 Julia
574 1580 624 1638 sub
635 1580 701 1639 anni
718 1580 852 1659 sequentis
871 1582 981 1642 initium
996 1597 1057 1641 nata
1069 1583 1116 1645 est.
1156 1583 1231 1642 Cum
1244 1583 1275 1642 in
1285 1603 1382 1664 expec-

401 1688 507 1748 tatione
523 1685 584 1743 effet
596 1683 698 1754 Roma,
711 1705 793 1762 quam
805 1688 909 1765 prolem
920 1686 1060 1745 Scribonia
1073 1687 1180 1746 editura
1191 1687 1263 1755 esset,
1283 1688 1384 1766 quippo

401 1810 474 1852 uxor
485 1785 609 1853 Caesaria,
622 1786 665 1843 111
684 1786 738 1845 viri
755 1787 813 1863 jam
836 1801 894 1846 tum
920 1787 1018 1865 Lepidi
1038 1802 1065 1845 et
1082 1788 1200 1847 Antonii
1217 1788 1386 1866 prevalentis

401 1892 513 1973 opibus,
531 1889 622 1969 potuit
634 1888 771 1968 Virgilius
787 1889 874 1948 filium
894 1889 1010 1948 ominari
1023 1905 1050 1948 et
1062 1890 1200 1956 meliorem
1215 1889 1279 1954 iude
1291 1909 1382 1950 rerum

401 1995 589 2056 conditionem
609 1992 752 2074 augurari3
772 1994 820 2051 etfi
838 1996 873 2052 de
893 1995 1015 2073 Augusto
1035 2012 1123 2058 terum
1135 1993 1248 2061 domim
1258 1994 1382 2060 nondum

360 2152 363 2156 ,
400 2100 452 2161 illo
464 2118 536 2157 anno
548 2096 689 2176 quisquam
702 2094 823 2173 cogitare
834 2076 955 2174 poterat.

440 2203 521 2265 Errat
534 2202 672 2261 interduo
684 2201 733 2257 hor
745 2214 836 2277 partus
847 2199 1047 2278 interpretatio,
1067 2220 1130 2258 cum
1150 2212 1263 2281 uterque
1273 2201 1383 2274 babeat,

400 2309 476 2386 quod
495 2306 632 2385 judicium
651 2304 783 2362 inclinare
801 2304 887 2381 pollit.
937 2303 1022 2383 Qud
1048 2290 1167 2364 Pollioni
1191 2303 1323 2385 inscripta
1347 2306 1383 2371 cst

399 2409 519 2487 Ecloga,
536 2426 587 2486 pro
608 2404 698 2484 priore
717 2404 845 2483 opinione
864 2406 943 2474 facit,
963 2406 1185 2484 quandoquidem
1205 2407 1230 2465 is
1248 2408 1319 2467 inter
1336 2428 1383 2470 eoa

399 2513 467 2582 suit,
488 2530 535 2591 per
555 2531 622 2590 quot
642 2528 696 2589 pax
720 2510 887 2568 Brundusina
902 2509 958 2570 fuit
978 2512 1140 2589 composita:
1161 2512 1250 2577 missus
1271 2528 1330 2572 erat
1348 2512 1383 2575 ab

400 2615 537 2685 Antonio,
555 2616 601 2673 cui
623 2614 677 2673 suit
700 2614 840 2674 familiaris
860 2632 887 2674 et
910 2616 1124 2686 sludiofiffimus3
1143 2636 1178 2676 ex
1201 2619 1385 2697 nuptiiradco

398 2726 455 2802 ejus
476 2741 538 2779 cum
564 2719 679 2777 Oliavia
699 2719 772 2777 haud
792 2739 887 2797 parum
910 2719 998 2777 laetam
1020 2719 1093 2800 spem
1114 2719 1257 2799 concipere
1276 2722 1380 2788 debuit.

400 2826 464 2886 Nee
477 2826 573 2890 obllat,
590 2822 664 2900 quod
678 2821 752 2879 idem
767 2821 855 2879 Pollio
869 2837 934 2884 meta
956 2821 1054 2880 iterum
1075 2821 1105 2879 in
1126 2822 1243 2884 Antonii
1263 2826 1383 2905 partibue

400 2930 473 3000 fuit3
492 2929 528 2986 est
540 2926 614 2986 enim
637 2945 677 2983 rue
698 2944 732 2981 cx
755 2926 812 3003 ejus
831 2926 908 3003 anni,
931 2946 985 3004 quo
998 2945 1052 3009 pax
1068 2912 1138 2986 sasla
1147 2927 1195 2998 est,
1214 2930 1281 2988 allis
1298 2930 1383 3011 dispi.

399 3030 506 3090 cienda.

438 3135 500 3211 Jam
521 3130 596 3211 quod
613 3130 647 3188 ad
668 3128 798 3188 Pollionis
818 3130 917 3196 silium,
938 3130 1109 3199 Saloninum,
1123 3133 1207 3212 vulgo
1218 3154 1235 3193 e
1248 3135 1381 3200 Servianir

397 3240 560 3303 commentis
573 3238 666 3315 (idque
688 3235 788 3294 caeteris
809 3236 915 3295 doslius
935 3237 1106 3315 persequutus
1126 3241 1162 3298 est
1180 3240 1300 3302 Boecler.
1312 3241 1379 3307 Diffi

398 3346 490 3404 Acad.
503 3344 586 3400 Tom.
600 3342 641 3410 II,
659 3360 723 3418 pag.
739 3344 805 3415 388)
827 3356 873 3399 aut
887 3341 922 3399 ad
935 3342 1057 3401 Salonini
1067 3343 1190 3415 fratrem,
1203 3347 1239 3408 C.
1254 3348 1381 3410 Atinium

397 3448 523 3512 Gallum,
536 3464 570 3502 ex
582 3444 637 3501 alio
651 3444 706 3501 istis
718 3446 922 3510 commentariis
941 3446 1037 3505 adsuto
1057 3468 1147 3526 panno
1163 3448 1199 3507 ad
1217 3473 1245 3512 v.
1271 3473 1317 3521 11,
1334 3467 1381 3518 aut

397 3549 434 3609 ad
454 3547 585 3614 Drusum,
605 3565 620 3601 a
640 3545 701 3603 viro
717 3547 799 3607 dolio
820 3548 854 3605 in*
869 3563 1015 3607 comment.
1030 3549 1153 3609 l'revolt.
1170 3572 1255 3633 1703,
1273 3576 1337 3635 pag.
1350 3576 1380 3636 7,

397 3671 438 3713 rea
460 3650 583 3719 refertur,
609 3651 640 3708 id
662 3666 814 3731 temporum
839 3673 983 3732 rerumque
1005 3654 1155 3714 rationibus
1177 3676 1318 3736 repugnat.
1341 3662 1379 3727 cs.

398 3758 496 3816 Ruaeus
514 3777 555 3836 pr.
569 3758 647 3834 hujus
660 3759 781 3839 Eclogae.
820 3762 915 3821 Multo
928 3783 993 3822 vero
1006 3763 1186 3823 molestiorem
1203 3778 1232 3823 et
1244 3767 1319 3824 nulla
1328 3785 1380 3845 ope

395 3864 525 3922 tuendam
545 3864 677 3926 rationem
692 3866 833 3950 proposuit
846 3868 995 3946 Vignolius
1009 3869 1049 3943 (in
1062 3868 1182 3928 Biblmh.
1196 3871 1283 3929 Germ.
1295 3870 1378 3932 Tom.

396 3966 530 4026 XXXV.
545 3986 608 4044 pag.
627 3989 658 4046 17
664 3988 678 4042 3
691 3969 760 4047 sqq.)
780 3970 827 4048 qui
848 3970 918 4033 hanc
936 3971 1066 4049 Eclogam
1080 3973 1109 4030 in
1122 3992 1222 4030 annum
1239 3993 1298 4057 230
1312 3992 1379 4031 con-

393 4072 474 4157 jecit,
495 4086 526 4129 ut
546 4084 635 4130 tamen
650 4093 676 4130 v.
695 4094 726 4132 11
742 4074 777 4132 de
797 4074 841 4133 M.
856 4075 953 4139 Tullio
972 4075 1119 4145 Cicerone,
1142 4074 1188 4138 M.
1210 4074 1241 4135 F.
1262 4076 1381 4141 Consule

394 4175 503 4242 suffesio
524 4195 591 4254 724,
616 4175 745 4255 accipiat,
764 4192 792 4236 et
811 4178 894 4237 <mllio
913 4200 963 4258 pro
985 4178 1064 4239 Pollio
1083 4182 1168 4259 legat,
1187 4179 1263 4239 etad
1277 4198 1379 4259 magne

394 4299 454 4341 aerae
467 4278 661 4337 Alexandrinae
679 4281 801 4352 initium,
824 4287 899 4361 quod
913 4304 929 4342 a
941 4285 1034 4364 magni
1047 4286 1121 4363 cycli
1139 4283 1311 4352 canicularis,
1329 4279 1380 4359 qui

393 4383 428 4440 cst
446 4386 513 4458 1461
537 4402 679 4453 annorum,
699 4386 806 4445 decimo
827 4406 925 4466 quarto
954 4390 1051 4449 saeculo
1070 4387 1244 4470 procedebat,
1268 4383 1377 4451 retulit;

393 4507 452 4574 quae
463 4488 593 4554 sententia
606 4511 669 4551 cum
683 4493 808 4555 hasienus
829 4497 945 4575 speciosa
964 4499 1006 4566 sit,
1028 4512 1058 4560 ut
1077 4498 1157 4561 valde
1168 4492 1309 4580 probabile
1321 4492 1378 4557 fiat,

704 4617 712 4661 1
1268 4608 1379 4680 poetam
