3575 5509
447 671 539 721 cor
587 650 626 723 a.
653 650 871 727 uinctum
898 607 1136 734 maioma
1162 659 1286 739 urm

444 847 568 926 Agrippa
579 863 606 907 et
616 847 780 915 Macenate,
800 850 847 927 qui
863 870 897 908 eo
910 851 1094 922 accurrebant,
1113 856 1257 925 Horatium,
1278 859 1426 940 Virgilium,

443 938 553 1005 Plotium
565 962 595 995 ac
609 940 714 996 Varium
726 938 853 996 addudos
863 939 956 1008 fuisle3
977 961 1029 1018 qna
1042 943 1076 998 de
1092 961 1120 999 re
1135 964 1161 1001 v.
1189 946 1287 1004 Horat.
1298 949 1356 1009 Sat.
1369 951 1423 1033 I,5

441 1026 569 1102 Egreffirrr
582 1050 676 1104 magna
686 1031 750 1095 dac,
760 1024 884 1102 inprimis
893 1048 920 1083 v.
931 1047 979 1103 40.
1018 1029 1061 1085 Ita
1074 1028 1146 1085 enim
1158 1031 1213 1102 jam
1226 1050 1287 1094 ante
1297 1038 1370 1095 inter
1381 1039 1424 1099 fa.

440 1114 559 1173 miliares
575 1111 732 1171 Maecenatis
755 1112 871 1176 adscitus
884 1115 933 1172 etse
946 1115 1041 1178 debuit
1054 1116 1198 1176 Horatius.
1239 1122 1300 1181 Alii
1313 1126 1426 1202 quidem

438 1200 492 1260 iter
505 1199 573 1256 illud
592 1200 627 1256 ad
639 1199 769 1276 colloquii
784 1200 897 1261 Tarenti
914 1201 1002 1260 habiti
1027 1219 1130 1282 tempus
1145 1226 1169 1266 a.
1185 1228 1239 1286 717
1254 1212 1372 1269 referunt
1383 1219 1423 1288 (v.
1451 1247 1453 1252 ·

365 1344 372 1359 ,
440 1288 555 1358 Masson-
570 1287 625 1344 Vlia
639 1286 751 1344 Horatii
766 1288 801 1353 ad
815 1288 901 1366 716);
923 1289 997 1366 quod
1009 1291 1130 1369 etipsum
1141 1318 1220 1353 verno
1231 1313 1336 1375 tempore
1348 1300 1421 1360 inci·

436 1380 491 1443 dit.
524 1399 551 1441 v,
575 1374 694 1453 Appian.
714 1395 842 1451 p.1149.
872 1376 938 1435 Ciu.
954 1376 993 1443 V,
1011 1399 1059 1456 93,
1099 1381 1223 1439 Aderant
1235 1387 1421 1446 tumoeravia

435 1469 510 1548 pacis
535 1466 663 1542 interpres
685 1482 747 1521 cum
771 1463 939 1531 Maecenate3
969 1486 1023 1525 non
1044 1482 1134 1525 autem
1155 1470 1291 1529 Cocceius
1313 1473 1418 1547 Nerva,

435 1550 516 1635 quem
537 1554 637 1611 Horat.
649 1552 664 1608 I
677 1552 760 1609 Serm.
778 1573 804 1628 ς,
829 1572 863 1632 27
892 1571 1034 1627 memorat,
1053 1555 1154 1639 quique
1176 1558 1339 1626 Brundisino
1351 1582 1416 1626 con.

408 1658 412 1670 “
436 1642 534 1736 gteffui
546 1639 669 1699 interfuit
682 1658 706 1696 a.
721 1660 754 1719 7¹
761 1660 788 1721 ς,
1112 1636 1115 1640 ’

812 1756 862 1827 U.
881 1756 922 1829 C.
944 1759 1025 1849 716.
1067 1764 1070 1776 '

497 1883 588 1983 App.
604 1880 754 1953 Claudius
778 1877 928 1976 Pulcher.
982 1882 1017 1952 C.
1033 1881 1202 1955 Norbanus
1216 1888 1347 1966 flavus,

580 2073 590 2083 ,
669 2029 700 2074 a.
718 2002 752 2073 C.
767 2008 824 2095 38.
880 2006 1010 2098 Virgilii
1022 2028 1171 2101 32-33.

423 2163 429 2175 ⁸
468 2128 604 2191 Bucolicis
613 2127 666 2184 huc
678 2145 748 2183 anno
761 2125 841 2183 finem
854 2123 1007 2203 impofitum
1020 2144 1047 2183 et
1061 2127 1191 2207 Eclugam
1215 2132 1283 2191 adeo
1293 2132 1324 2190 X
1342 2109 1410 2195 ebn-

428 2221 557 2299 {criptam
577 2217 636 2281 elie,
658 2213 756 2271 Ruaeus
769 2234 829 2269 eum
848 2214 909 2270 aliis
929 2214 1076 2285 existiman
1109 2235 1140 2273 ea
1154 2218 1256 2280 seilicet
1267 2223 1355 2279 caussa
1366 2224 1409 2282 in.

428 2309 535 2374 donus,
554 2304 629 2381 quod
642 2300 824 2364 Grammatici
837 2299 908 2357 intra
920 2300 1066 2361 triennium
1084 2302 1214 2363 Bucolica
1227 2308 1349 2368 absoluta
1359 2312 1411 2374 effe

428 2407 587 2462 memorant.
607 2391 663 2448 vid.
678 2389 780 2448 Donat.
799 2387 865 2445 Vita
880 2389 903 2465 ᾧ.
920 2396 965 2464 36.
997 2390 1097 2449 Phocas
1113 2413 1140 2450 v.
1161 2413 1208 2472 95.
1248 2394 1409 2457 Sed'homi.

427 2508 493 2547 num
503 2485 613 2552 illorum
624 2477 725 2544 vanitas
747 2497 809 2533 cum
830 2496 918 2534 rerum
940 2479 1105 2561 argumentis
1119 2492 1181 2551 ,tum
1200 2480 1234 2538 iis
1251 2481 1325 2558 ipsis,
1345 2506 1411 2563 qum

425 2576 487 2633 aliis
499 2572 565 2631 locis
574 2565 750 2645 repugnantia
763 2564 886 2632 tradunt,
916 2564 997 2624 facile
1018 2569 1152 2646 arguitur.
1193 2570 1286 2644 (Nihil
1311 2572 1408 2660 itaqua

425 2677 578 2726 commento
588 2661 633 2737 illi„
639 2650 696 2735 jam
709 2656 847 2713 Martinus
859 2655 956 2713 tribuit
967 2678 1030 2735 pag.
1043 2657 1143 2716 LXIV
1155 2661 1197 2739 g).

345 2800 351 2809 ,
463 2760 503 2817 At
514 2757 587 2814 idem
597 2752 640 2812 uir
653 2751 747 2807 doetus
757 2769 784 2826 p.
800 2747 901 2811 LXIII
913 2750 950 2806 ad
971 2751 1043 2812 hunc
1068 2769 1168 2819 annum
1182 2751 1328 2813 Melibaerrm
1345 2758 1407 2821 VII

403 2850 552 2929 dcimam,
571 2846 647 2919 cujus
671 2839 774 2917 alioqui
795 2838 927 2902 incertum
945 2841 1024 2917 plane
1044 2854 1148 2919 tempus
1170 2842 1217 2911 est,
1237 2844 1332 2913 refert,
1348 2845 1401 2906 boc

420 2960 477 2999 uno
487 2948 644 3015 argumento
656 2932 727 2998 usus,
748 2940 768 2964 “
782 2949 815 2986 ne
837 2928 860 2986 is
872 2949 956 2989 annus
968 2930 1075 3016 prorsus
1087 2930 1180 3018 aliquo
1193 2931 1345 3011 Virgiliani
1357 2917 1401 3004 irr-⁴

421 3029 496 3114 genii
509 3036 684 3085 monumento
697 3021 804 3089 vacet,’'

742 3191 749 3198 ·
802 3145 852 3217 U.
871 3147 913 3218 C.
930 3121 1028 3239 717.¹

489 3276 546 3348 M.
568 3275 734 3368 lstpsanius
749 3273 908 3366 Agrippa.
960 3273 1003 3342 L.
1023 3273 1173 3347 Caninius
1190 3273 1314 3349 Gallus.

648 3418 679 3466 a.
700 3393 734 3462 C.
752 3415 810 3485 37.
865 3395 996 3486 Virgilii
1008 3414 1158 3485 33-34.

455 3524 502 3581 Ad
527 3524 599 3579 hunc
623 3538 721 3577 annum
744 3517 875 3593 Eclugam
895 3516 1029 3583 decimam
1053 3516 1218 3575 referendam
1237 3519 1288 3575 effe
1305 3518 1394 3582 censet

414 3610 562 3680 Martinus,
581 3611 631 3667 bac
645 3610 678 3665 de
692 3607 788 3671 cauffa,
808 3605 936 3682 quoniam
949 3610 978 3662 in
991 3626 1023 3662 eo
1036 3607 1154 3663 carmine
1164 3606 1249 3665 Gallo
1262 3607 1393 3686 inscripto

412 3724 440 3769 u.
451 3721 484 3778 ²3
496 3716 523 3758 et
532 3721 567 3777 47
589 3696 701 3773 Lycoris
713 3695 741 3751 in
755 3693 860 3751 Gallias
873 3692 965 3749 abiille
978 3708 1004 3750 et
1027 3694 1111 3750 aliurn
1124 3710 1284 3762 amatorem,
1303 3696 1391 3771 quiin

391 3807 395 3816 ⁴
412 3793 505 3869 aliquo
512 3789 632 3847 exercitu
645 3786 679 3843 ad
695 3785 821 3841 Rhenum
834 3781 978 3848 militabat,
998 3784 1106 3859 sequuta
1118 3783 1167 3839 etse
1181 3798 1393 3842 memoratur.—

411 3882 471 3937 Tua
483 3903 555 3945 cura,
575 3866 684 3955 Lycoris,
703 3877 799 3951 Perque
811 3882 883 3930 rives
895 3872 974 3929 alium
982 3887 1076 3949 per-pue
1089 3872 1193 3928 horrida
1202 3876 1282 3947 castra
1283 3877 1391 3950 sequuta
1464 3908 1467 3917 ·

409 3970 521 4043 eli—‘su
529 3967 618 4044 procul
628 3989 646 4021 α
654 3975 755 4039 patrio,
775 3962 857 4037 rnrfit
878 3962 1062 4017 mihicrcdrrr!
1095 3976 1192 4017 tanturn
1216 3960 1335 4037 Alpinas,
1354 3961 1391 4019 ab

311 4076 313 4084 '
406 4061 496 4118 dura!
515 4066 586 4113 nives
599 4071 622 4111 rt
632 4059 737 4131 frigora
751 4051 835 4107 Rham·
844 4050 890 4107 Me
899 4052 958 4125 fine
970 4049 1029 4123 sola
1054 4050 1135 4106 vides.
1175 4050 1203 4104 A
1224 4049 1302 4125 Julio
1324 4048 1390 4116 inde

388 4141 512 4205 ¹‘Caesare
524 4143 567 4203 M.
588 4143 711 4220 Agrippa
721 4142 822 4220 primus
843 4140 923 4197 suite
936 4138 1078 4205 Romanis,
1098 4139 1145 4214 qui
1166 4139 1292 4197 Rhenum
1307 4140 1387 4220 traje-

405 4237 463 4305 cit;
483 4236 567 4311 idque
580 4232 661 4288 initio
675 4230 752 4306 hujus
765 4231 829 4285 anni
843 4229 954 4297 factum,
975 4248 1029 4313 quo
1045 4227 1168 4311 Agrippa
1177 4227 1243 4295 Cos.
1252 4244 1320 4290 erat.
1354 4250 1384 4288 v.

336 4323 338 4328 ’
404 4326 464 4385 Dio
478 4320 617 4388 XLVIII,
627 4340 674 4397 49.
714 4318 860 4389 vetlei.11‚
874 4338 919 4397 79.
959 4316 1029 4376 Ubii
1053 4332 1144 4381 tuma
1164 4316 1259 4380 Suevis
1281 4317 1386 4391 vexati,

403 4415 438 4474 ab
452 4412 575 4492 Agrippa
583 4410 611 4466 in
624 4410 703 4468 fidem
714 4408 825 4486 recepti,
845 4408 874 4464 in
888 4407 1033 4465 Coloniam
1048 4404 1277 4483 Agrippinensem
1285 4404 1386 4492 depur-

401 4507 468 4576 tati:
490 4493 560 4564 Tac.
575 4503 650 4562 Ann.
659 4500 730 4571 XII,
745 4522 791 4580 η,
807 4499 903 4557 Germ.
919 4500 981 4557 28.
1005 4494 1077 4555 Mox
1091 4493 1177 4565 enirn,
1196 4494 1248 4554 hoc
1263 4493 1323 4573 ipso
1335 4513 1384 4550 an-

1270 4599 1273 4604 ·
1331 4600 1384 4655 no,
