3575 5509
602 697 958 778 CODICIBUS
998 704 1107 781 MSS.
1237 734 1347 790 nxvrr

407 930 441 1010 3.
464 906 587 984 Etiam
611 905 778 1004 Gudianus
802 903 875 978 No.
906 925 967 998 131
1000 881 1108 1002 (164)
1135 910 1225 987 olim
1251 915 1345 991 Rot-

355 1034 521 1110 tendorfii
540 1031 717 1129 (adeoque
733 1029 826 1102 inter
841 1052 912 1115 eos,
938 1053 1027 1126 quos
1051 1030 1219 1108 Heinfius
1234 1062 1341 1111 com.
1411 1081 1414 1087 ·

351 1157 523 1258 pararit),
535 1159 571 1229 in
581 1154 792 1228 membrana
804 1152 955 1247 scriptus
975 1177 1083 1227 manu
1100 1153 1181 1228 satis
1193 1161 1337 1250 vetusta,
1492 1175 1495 1178 “

352 1277 406 1356 ita
429 1302 468 1357 ut
494 1299 645 1355 aetatem
669 1302 841 1352 annorum
868 1277 1149 1374 quingentorum
1174 1280 1267 1354 ferre
1280 1285 1336 1356 vi.

351 1410 496 1483 deamr:
515 1407 627 1479 habet
641 1405 761 1487 omnia
776 1403 936 1499 Virgilii.

399 1562 437 1625 4.
464 1528 623 1632 Qartus
646 1517 809 1602 Gudianus
830 1528 904 1600 No.
932 1551 998 1626 109
1023 1530 1129 1624 (238)
1154 1532 1335 1605 membra.

333 1663 490 1757 *naceun
505 1650 806 1749 quaternionibus,
821 1650 982 1725 continet
998 1668 1140 1723 tantum
1154 1652 1330 1753 Georgic.

352 1774 475 1848 libros.
507 1776 510 1782 ’
1295 1848 1301 1855 .

392 1895 599 1993 Sequuntur
613 1910 635 1966 e
649 1887 872 1967 bibliotheca
889 1882 1166 1993 Guelpherbytana
1182 1896 1264 1972 sext

399 2040 432 2090 1.
457 2019 619 2107 Nozba,
651 2041 697 2092 10
734 2019 937 2093 membran.
971 2042 1042 2110 rm,
1066 2022 1131 2118 qui
1163 2020 1332 2100 bucolica

348 2153 491 2215 tantum
504 2141 624 2231 babet,
648 2140 708 2235 sed
724 2141 894 2247 vetustus.

399 2281 436 2339 α.
460 2265 532 2340 Νο.
551 2269 653 2361 63,,ς
675 2264 852 2339 duodenis
873 2265 1053 2363 oblongis.
1105 2265 1275 2340 Bucolica
1292 2284 1328 2342 et

347 2384 527 2489 Georgica
543 2387 698 2487 ejusdem
718 2391 847 2462 aetatis.

387 2535 425 2608 3.
451 2512 501 2585 N.
518 2539 555 2610 9,
574 2535 629 2598 11,
655 2512 893 2586 membranae.
912 2513 949 2587 in
963 2536 998 2607 4.
1019 2504 1078 2588 sed
1095 2517 1283 2589 recentior.

394 2663 432 2728 4.
457 2633 530 2707 No.
556 2658 612 2707 rr.
637 2636 833 2730 gmembr.
850 2637 889 2709 in
908 2666 945 2730 4.
970 2639 1159 2727 recentior,
1184 2658 1327 2714 antece·-

268 2750 271 2754 ’
346 2755 456 2833 dente
470 2775 587 2833 tamen
603 2762 793 2857 antiquior.

395 2907 431 2983 ς.
457 2883 531 2959 Νο.
550 2908 584 2980 3,
603 2907 648 2978 14
665 2884 820 2958 membr.
836 2885 874 2959 in
890 2913 927 2976 4.
945 2889 1131 2963 recentior.

391 3011 426 3085 6.
452 3007 526 3082 No.
551 3035 572 3107 7
600 3009 662 3084 fol.
688 3010 893 3083 chartaceus
906 3045 917 3095 ς
941 3010 979 3084 in
1001 3013 1074 3084 fine
1093 3010 1327 3108 adscriptum,

343 3133 409 3208 effe
424 3159 509 3208 eum
526 3155 708 3209 exaratum
724 3164 756 3210 a.
777 3159 883 3235 1457.
1208 3211 1210 3214 ,
1399 3136 1403 3143 ’

392 3258 506 3333 Porro
530 3262 590 3333 duo
609 3261 716 3336 codd.
735 3263 833 3335 Petri
852 3263 1013 3350 Danielis,
1038 3263 1100 3360 qui
1122 3285 1217 3334 nunc
1239 3263 1327 3334 Bera

344 3400 393 3456 ne
414 3386 509 3457 inter
536 3386 762 3484 Bongarstanor
789 3387 1029 3462 adservantur.
1080 3388 1184 3460 Alter
1205 3386 1325 3460 vetus-

344 3508 418 3581 tior
439 3508 629 3608 Georgica,
665 3530 746 3584 tum
773 3514 940 3610 Eclogas,
965 3491 1111 3585 tandem
1133 3510 1325 3583 AEneidem

343 3633 502 3721 exhibet,
525 3634 582 3707 led
598 3634 635 3706 in
652 3634 746 3708 libro
762 3633 795 3709 V
810 3637 946 3736 deficit,
970 3638 1060 3709 alter
1073 3637 1246 3708 recentior
1261 3634 1322 3707 ests

343 3757 434 3831 Sunt
457 3758 546 3832 adeo
562 3760 601 3847 ii,
630 3786 720 3857 quos
742 3763 799 3855 Jo.
820 3762 915 3837 Rud.
940 3764 1067 3837 Sinner
1084 3763 1121 3834 in
1149 3763 1325 3861 Catalogo

259 3947 263 3956 .
345 3878 461 3952 Codd.
476 3879 563 3953 Mis.
579 3882 750 3954 biblioth.
765 3883 931 3957 Bemens.
948 3892 1123 3956 memorat
1134 3907 1218 3981 pag.
1237 3885 1322 3979 631,

341 4022 375 4078 n.
397 4014 478 4099 184,
496 4029 580 4102 pag.
597 4008 682 4102 633,
705 4033 740 4079 n.
759 4029 843 4100 411,
857 4009 920 4079 etfi
937 4008 1073 4082 diversa
1088 4010 1134 4081 ab
1151 4009 1224 4081 istis
1242 4031 1323 4079 nara

339 4132 408 4204 rari
425 4134 487 4206 hic
504 4137 682 4210 uidentur.
725 4136 830 4209 Idem
846 4135 911 4208 Vir
926 4137 983 4208 Cl
997 4161 1035 4234 p.
1053 4135 1235 4228 626-635
1256 4156 1321 4204 co-

338 4254 438 4329 dices
454 4257 599 4359 Virgilii
617 4262 704 4334 alio's
720 4285 764 4335 ex
780 4263 1143 4346 eodembibliotheca
1158 4279 1323 4332 comme-s

341 4397 481 4465 morat,
497 4381 544 4455 de
560 4383 730 4458 codicum
744 4402 865 4464 tamen
881 4380 1225 4480 bonitatcjudicium
1239 4375 1324 4448 inde

803 4531 825 4580 e
850 4529 869 4580 a
1210 4500 1326 4573 facere
1418 4564 1424 4570 .
