3575 5509
401 696 439 757 11
557 770 559 777 J
691 646 1255 748 PRAEFAT10.'

399 887 590 995 impetus·
603 880 751 992 questus
761 895 875 972 vero,
885 874 995 987 quod
1006 902 1253 988 magnarum,
1266 877 1389 963 subli-

314 1129 316 1133 ι
401 1023 544 1113 mium,
565 1036 602 1097 et
613 1012 964 1126 pulcherrimarum
979 1043 1109 1103 rerum
1123 1043 1167 1095 ac
1181 1012 1387 1099 sententia-

333 1253 336 1267 ,
398 1188 490 1242 rum
513 1157 648 1269 spiritu
671 1155 896 1258 incaluerat,
927 1153 1088 1236 subinde
1114 1155 1361 1269 refrigeratur
1373 1194 1412 1258 5,

401 1315 585 1379 avocatur
603 1323 716 1377 mens
731 1293 778 1373 ab
794 1295 927 1404 operis
938 1291 1093 1375 summa
1110 1314 1147 1376 et
1166 1294 1214 1376 ab
1231 1298 1389 1379 univer-

400 1439 452 1521 sae
483 1441 637 1522 virtutis
670 1466 718 1530 ac
751 1430 986 1549 praestantiae
1018 1438 1257 1551 cognitione,
1297 1467 1389 1551 quae

400 1598 588 1659 nontam
613 1578 655 1657 in
675 1577 834 1686 fingulis
853 1576 967 1658 rebus
997 1595 1119 1685 quarn
1146 1576 1190 1656 in
1215 1579 1389 1687 partium

399 1717 502 1799 inter
519 1718 557 1798 se
582 1716 854 1799 convenientia
881 1733 921 1795 et
947 1713 996 1795 ad
1023 1741 1236 1795 commune
1262 1713 1389 1794 consr-

384 1861 501 1959 ,lium
529 1857 814 1970 conspiratione
832 1856 1030 1949 cernitur,·
1057 1883 1107 1936 ex
1126 1854 1283 1966 fingulis
1301 1874 1390 1937 tan-

396 2013 485 2077 tum
511 2014 549 2076 et
576 1995 740 2076 minutis
759 1992 879 2076 modo
900 1992 1098 2074 sententiis
1121 1992 1241 2073 modo
1258 1992 1389 2074 vesois

398 2131 588 2214 aestimare
607 2130 785 2243 poetam,
805 2151 853 2213 -et
877 2130 977 2242 saepe
994 2131 1036 2212 id
1054 2130 1150 2212 adeo
1167 2132 1217 2213 ad
1234 2125 1389 2213 alterius

290 2356 291 2359 ,
397 2287 552 2351 tantum
586 2287 729 2348 nutum
762 2288 800 2347 et
832 2268 972 2349 nasum
1000 2268 1141 2363 facere,
1173 2268 1387 2361 discimus3

398 2433 480 2519 quo
510 2401 595 2514 ipso
621 2384 805 2512 voluntas
831 2404 964 2484 omnis
981 2429 1031 2483 ex
1055 2384 1237 2484 carminis
1256 2404 1390 2485 dulce-

398 2544 490 2627 dine
509 2543 699 2662 capienda
718 2544 975 2655 intercipitur,
1003 2556 1111 2655 quae‚
1126 2542 1213 2653 jam
1235 2568 1304 2656 per
1324 2546 1389 2656 ip-

398 2684 481 2767 sam
496 2706 546 2773 ex
559 2682 814 2768 retardatione
827 2677 1063 2781 molestiam,
1077 2709 1160 2767 non
1173 2684 1391 2768 admodum

396 2826 587 2907 imminui
608 2851 690 2906 non
708 2802 873 2936 poterat.
892 2804 894 2812 ’
933 2793 1101 2905 ὃεάᾞεε
1119 2824 1291 2916 minores
1310 2819 1391 2902 dif-

349 2994 354 3004 ,
397 2960 588 3044 ficultates
606 2960 737 3077 ipsum
750 2978 936 3072 premunt
948 2951 1221 3070 interpretem,
1258 2959 1389 3043 Nam-

396 3127 476 3212 que
495 3120 533 3181 et
551 3104 634 3213 ejus
654 3099 859 3210 ingenium
878 3119 1008 3179 rerum
1026 3100 1269 3180 minutarum
1296 3092 1390 3180 infr·

302 3273 309 3280 ’
396 3239 482 3318 nita
500 3240 613 3349 copia
633 3267 677 3318 ac
700 3225 914 3318 subtilitate
944 3234 1124 3330 obtundi,
1155 3234 1390 3346 obscuraque

397 3391 516 3482 opera
546 3373 754 3466 obscurari,
785 3390 836 3464 et,
867 3369 965 3452 dum
1000 3372 1043 3456 in
1077 3372 1245 3455 aliorum
1279 3374 1392 3459 sensu

396 3510 572 3591 acuendo
603 3510 776 3609 desudat,
806 3514 1015 3623 proprium
1042 3510 1196 3595 sensum
1216 3515 1328 3597 obrui
1351 3532 1391 3595 et

396 3642 571 3727 hebetari
588 3647 732 3728 necesse
751 3645 819 3732 est.
880 3651 1030 3761 Itaque,
1046 3619 1143 3767 sum
1160 3653 1333 3766 undique
1352 3670 1392 3735 et

396 3782 445 3863 ad
464 3785 613 3897 fingula
630 3787 760 3880 verba,
779 3788 922 3898 quibus
941 3792 1072 3902 aliqua
1089 3791 1312 3888 difficultas,
1341 3785 1392 3874 ad

335 3972 337 3976 ι
395 3919 565 4002 aliorum
593 3923 757 4034 quidem
786 3926 1101 4039 intelligentiam,
1135 3930 1393 4015 adhaerescere

398 4055 498 4139 sorte
515 4061 645 4170 poffit,
673 4065 923 4148 circumferas
942 4088 981 4184 et
998 4069 1173 4151 intendas
1193 4074 1389 4170 animum,

332 4199 334 4202 ’
395 4196 523 4276 multa
539 4197 737 4283 interdum
756 4224 964 4287 occurrunt
981 4209 1113 4289 minus
1131 4235 1224 4292 curn
1241 4240 1281 4294 re
1295 4239 1393 4293 con-

390 4327 549 4439 juncta,
577 4338 804 4452 exciditque
823 4370 1113 4455 nonnunquam
1130 4345 1186 4439 id,
1215 4348 1321 4459 quod
1341 4343 1391 4429 ad

396 4462 517 4548 illum
553 4470 687 4567 locum
724 4476 772 4557 ab
810 4480 926 4560 initio
964 4482 1223 4591 quaerebatur.
1282 4484 1391 4566 Cum

396 4602 664 4700 etiammulta
683 4612 773 4714 suit,
804 4644 894 4728 quae
923 4616 1057 4703 sentiri
1084 4621 1249 4733 quidem
1278 4620 1393 4702 facile

415 4764 417 4767 ’
1233 4757 1392 4875 possint,
