3575 5509
398 697 538 768 xxxxv
704 638 1128 755 pensiero

396 913 518 1003 utque
544 886 832 976 emendationes
860 886 908 967 de
933 888 1059 968 verbis
1080 886 1237 998 singulis
1265 857 1382 971 affer·

395 1045 498 1122 rent,
526 1053 620 1108 cum
647 1052 778 1107 rerum
804 1051 849 1104 ac
885 1013 1157 1105 sententiarum
1184 1023 1379 1106 summam

305 1181 310 1191 ’
395 1190 468 1246 nec
481 1159 780 1274 adsequerentur.
838 1158 933 1239 Non
945 1157 1016 1238 nin
1030 1155 1166 1239 vitiosa
1179 1161 1379 1269 extirpan-

396 1300 446 1381 da
461 1297 574 1391 sunu
603 1296 632 1378 fi
651 1294 771 1377 modo
790 1290 1017 1382 substituere
1034 1292 1150 1404 poffis
1169 1324 1272 1389 vera,
1302 1293 1378 1376 sal-

302 1532 306 1544 Ι
396 1452 478 1513 tem
491 1429 582 1514 satis
600 1428 831 1540 probabilia.
889 1427 1072 1539 Reliqua,
1092 1458 1181 1539 quae
1199 1429 1298 1511 nihil
1317 1426 1381 1511 in-

396 1565 522 1661 terest,
541 1583 630 1650 utro
644 1563 763 1645 modo
781 1564 971 1672 legantur,
1001 1565 1218 1674 relinquere
1235 1566 1381 1647 intadba

307 1739 312 1752 “
397 1700 512 1786 satius
550 1701 618 1784 est.
701 1699 826 1795 Nam,
869 1678 994 1810 ipsam
1036 1729 1200 1781 manum
1240 1700 1381 1783 veteris

396 1850 524 1953 poetae
541 1840 583 1921 in
611 1836 769 1948 singulis
787 1838 1034 1926 etomnibus
1051 1834 1243 1917 redhiberi
1275 1835 1380 1947 posse

395 1977 698 2088 nemoprudens
725 1977 923 2086 opinetur.
980 1975 1129 2056 Contra
1163 1973 1382 2074 molestiffi-

328 2160 330 2165 ·
396 2142 538 2198 mares
575 2112 643 2208 est,
674 2110 717 2207 fi,
748 2112 853 2223 quod
869 2132 940 2221 pro
953 2114 1030 2219 suo
1042 2114 1158 2218 βψ
1192 2111 1379 2196 Heinfius

397 2251 570 2359 ejecerat,
592 2268 665 2355 pro
678 2252 755 2354 suo
766 2252 883 2354 sensu
900 2250 1146 2355 Burmannus
1174 2268 1383 2359 receperat,

396 2384 503 2465 idem
516 2402 588 2492 pro
605 2410 677 2461 meo
677 2386 794 2491 serfic
813 2384 952 2463 iterum
972 2382 1099 2496 ejicio.
1157 2383 1305 2463 Verum
1333 2383 1385 2461 de

397 2539 480 2600 toto
500 2517 575 2599 hoc
595 2506 734 2627 genere
751 2538 814 2599 aut
836 2519 950 2628 plura
964 2516 1127 2600 dicenda
1141 2514 1244 2611 sunt,
1260 2546 1381 2627 quam

396 2685 485 2767 quae
503 2655 574 2737 hic.
587 2658 696 2736 locus
711 2656 829 2764 capit,
858 2675 937 2747 aut,
960 2654 987 2735 fi
1006 2656 1140 2764 paucis
1160 2682 1243 2734 rem
1260 2683 1380 2764 expe-

396 2796 495 2888 dias,
515 2791 663 2874 diversa
675 2792 926 2873 statuentium
947 2790 1008 2900 his
1023 2791 1196 2872 derebus
1211 2791 1376 2900 judicia,

397 2928 426 3010 s1
445 2928 565 3011 modo
578 2928 728 3039 judicia
747 2929 848 3023 sunt,
867 2930 938 3010 vix
955 2926 1169 3010 refinxeris.

453 3066 599 3176 Copiis
617 3066 791 3158 criticis,
828 3064 933 3144 unde
961 3063 1052 3145 huic
1079 3041 1390 3145 novaefeditioni'

396 3201 547 3310 aliquid
561 3202 777 3282 ornamenti
806 3200 1015 3294 accederet,
1044 3198 1134 3281 usus
1163 3198 1249 3284 sum
1277 3199 1387 3280 haud.

400 3336 710 3417 contemnendis.
767 3338 901 3417 Primo
929 3336 1090 3446 quidem
1131 3336 1279 3418 schedis
1307 3338 1384 3446 Jn,

335 3577 338 3582 1
398 3472 611 3565 διῶναιίενί,
639 3473 713 3552 viri
732 3472 957 3581 doetiffimi,
987 3475 1097 3584 cujus
1126 3474 1265 3557 subtile
1282 3477 1323 3556 in
1342 3505 1396 3559 re·

399 3605 529 3688 critica
543 3609 746 3717 ingenium
764 3634 814 3687 ex
829 3608 1182 3690 Emendationibus
1197 3613 1238 3692 in
1253 3613 1383 3691 lucem

399 3742 513 3823 editis
544 3742 790 3853 perspectum
831 3741 1039 3825 habebam
1094 3744 1261 3825 Schedas
1298 3746 1383 3856 ejus

399 3875 442 3955 in
452 3875 682 3986 Virgilium,
699 3879 740 3958 in
752 3879 931 3965 auctione
945 3878 1199 3989 supellectilis
1218 3880 1384 3970 librariae

399 4032 611 4093 veneuntes
627 4041 716 4093 cum
741 4014 816 4094 suis
845 4017 969 4123 copiis
998 4014 1115 4125 hujus
1143 4018 1294 4126 generis
1322 4019 1385 4098 in-

264 4187 270 4212 ·
401 4144 648 4256 ferrepoffet,
666 4150 802 4229 maluit
816 4150 1069 4232 ufibusmeis
1092 4155 1312 4262 permittere
1325 4154 1387 4235 vir

399 4279 699 4383 humaniffimus
715 4305 753 4365 et
767 4264 1035 4392 amiciffimuS,
1053 4294 1176 4371 Laur.
1190 4320 1266 4372 van
1284 4295 1385 4371 San-

402 4439 479 4514 ten,
498 4421 538 4520 J.
552 4420 608 4503 U.
624 4422 708 4514 D.;
737 4448 799 4501 eas
818 4421 949 4533 itaque
969 4425 1010 4504 in
1021 4422 1265 4508 Bibliotheca
1293 4420 1387 4531 nof-

1329 4581 1388 4644 tm
