3575 5509
510 641 512 648 ¹
565 643 909 733 BUC-OLlCA,
957 640 1093 718 ECL.
1138 642 1202 716 lV.
1243 706 1244 709 ,
1329 666 1374 744 73

394 860 516 919 dmrum
538 848 714 931 opinionibus
733 862 947 905 conmennraae
967 841 1091 921 potuisse,
1110 854 1138 901 et
1156 841 1188 901 id
1211 861 1297 922 genus
1314 844 1379 910 alia,

396 958 557 1024 Enimvero,
565 952 724 1031 quicunque
737 947 842 1007 sensum
852 947 1040 1004 Romanorum
1053 944 1230 1023 etiogcnium
1241 948 1285 1005 vel
1293 966 1311 1003 e
1319 947 1379 1012 lou.

396 1063 501 1148 ginquo
512 1058 642 1137 inspexit,
650 1053 733 1113 facile
744 1050 858 1119 tenebit,
869 1069 1006 1127 nunquam
1014 1049 1169 1124 Judaeorum
1176 1064 1278 1108 tantam
1288 1053 1381 1109 auito-

397 1168 505 1233 ritatem
519 1186 550 1223 ac
570 1164 652 1223 fidem
673 1176 721 1226 aut
738 1158 817 1228 fuisse
833 1172 880 1216 aut
899 1158 950 1216 esse
961 1158 1076 1234 potuisse
1096 1156 1168 1234 apud
1182 1156 1331 1224 Romanos,
1349 1170 1381 1215 ut
1504 1239 1506 1243 ,

396 1286 490 1329 eorum
510 1266 654 1345 opiniones
673 1262 783 1343 publice
795 1260 968 1320 admitterent
986 1275 1015 1318 et
1026 1258 1192 1319 carminibus
1203 1258 1377 1323 celebrarent,

399 1371 534 1439 Meminit
545 1368 737 1449 superstitionis
749 1366 869 1443 Judaicar
878 1365 1025 1425 Horatius:
1039 1386 1134 1425 verum
1145 1380 1178 1424 ut
1194 1386 1256 1425 eam
1267 1366 1323 1426 risu
1333 1388 1382 1426 ex·

304 1505 308 1512 ·
398 1476 533 1563 ploderet,
559 1472 614 1529 ,Ut
627 1470 723 1532 ordine
735 1490 865 1549 agamus:
886 1470 1026 1528 videamus
1047 1470 1137 1547 primo
1149 1469 1224 1539 luco,
1244 1471 1380 1550 quodnam

397 1580 529 1661 carminis
540 1592 726 1659 argumentum
739 1579 771 1637 iit
781 1598 831 1657 per
843 1578 869 1637 se
882 1577 1001 1656 spesiati.
1043 1578 1162 1637 Carmen
1173 1577 1329 1636 bucolicum
1344 1577 1380 1635 ad

400 1686 562 1751 Consulem,
572 1705 653 1763 quem
664 1706 692 1746 v.
709 1706 719 1744 1
729 1706 739 1743 r
755 1684 888 1745 Pollionem
906 1684 1042 1753 nominat,
1054 1685 1082 1742 se
1092 1684 1249 1751 morsuram
1259 1685 1311 1742 csse
1319 1703 1383 1763 pro-

402 1789 493 1847 fitetur
509 1788 612 1849 Maro:
637 1812 721 1868 1-3,
760 1790 820 1869 Agi
840 1810 913 1849 nunc
929 1790 1053 1847 ultimam
1065 1802 1170 1847 amnem
1181 1808 1198 1846 a
1209 1770 1314 1866 Sibylla
1326 1810 1383 1849 me·
1450 1805 1464 1816 ‘

383 1972 385 1977 Ι
399 1910 556 1961 moramm:
577 1896 646 1956 Inde
659 1896 781 1955 melioris
794 1896 880 1953 aetatis
891 1896 977 1954 vitam
995 1896 1115 1956 humano
1128 1896 1220 1974 generi
1234 1896 1383 1960 redituram

400 2002 452 2060 esse
464 2000 633 2079 pronuntiat,
652 1999 803 2076 etquidem
821 2016 906 2074 puero
927 1996 1020 2074 aliquo
1034 2012 1111 2066 nato,
1131 1998 1161 2055 in
1175 1997 1302 2096 Pollionis
1323 1999 1384 2077 qui,

401 2106 467 2165 dem
481 2104 633 2163 Consulatu
646 2121 752 2180 4-14.
789 2100 841 2159 llle
862 2100 1013 2179 adscriptus
1034 2103 1086 2160 erit
1106 2102 1245 2172 heroibus,
1263 2117 1291 2161 et
1310 2103 1384 2165 orbis
1502 2164 1503 2167 ,

403 2228 536 2271 terrarum
556 2208 646 2287 pacati
664 2208 717 2265 erit
742 2220 878 2285 regnator
898 2227 1019 2288 15-17.
1042 2208 1104 2284 Jam
1125 2221 1191 2266 vero
1217 2208 1313 2267 melior
1336 2208 1385 2267 illa

404 2330 478 2383 atas,
497 2312 571 2372 aetati
596 2332 681 2371 aurcae
705 2332 736 2369 ac
762 2313 893 2371 Satumiae
917 2312 1022 2383 similis,
1040 2331 1091 2391 per
1114 2312 1214 2390 gradus
1242 2313 1383 2386 succedet,

403 2419 444 2477 ita
457 2433 487 2476 ut
499 2438 583 2497 puero
595 2397 658 2477 nato
671 2418 795 2488 exordia,
819 2420 947 2499 18-253
967 2418 1133 2477 incrementa
1153 2437 1218 2479 vero
1239 2420 1285 2479 sua
1307 2422 1385 2482 habi..

402 2537 465 2581 tura
477 2524 518 2591 sit,
538 2522 647 2600 quando
661 2523 706 2580 ille
718 2522 878 2592 adoleverit,
899 2524 1016 2597 adv-36
1024 2544 1034 2591 ς
1054 2524 1192 2582 cumulata
1202 2540 1292 2586 autem
1308 2543 1339 2587 ut
1352 2530 1385 2588 sit

402 2642 431 2685 et
443 2627 560 2705 persesta
572 2627 606 2684 ab
619 2626 743 2685 omnibus
755 2626 888 2705 partibus,
908 2625 958 2684 ubi
972 2625 1018 2684 ille
1030 2625 1066 2683 ad
1085 2627 1194 2687 virilem
1208 2644 1314 2689 aetatcm
1325 2652 1386 2711 per,

403 2729 526 2795 venerit:
549 2751 672 2811 37-45,
713 2732 832 2808 Reliqua
850 2730 912 2788 sunt
933 2732 1079 2791 exultantis
1101 2719 1197 2799 laetitia
1215 2752 1243 2795 et
1263 2754 1328 2797 vota
1345 2740 1386 2798 sa·

403 2835 501 2896 cientis
514 2854 546 2892 ac
557 2833 717 2912 gratulantis
727 2847 830 2911 poetae:
852 2833 891 2907 46
905 2830 940 2890 ad
953 2833 999 2891 sin.

444 2939 507 3014 Jam
524 2939 554 2997 ln
572 2936 615 2995 his
637 2937 719 2996 facile
743 2936 882 3015 agnoscas,
903 2935 1024 2993 simodo
1047 2938 1121 2994 nulla
1136 2940 1236 3015 previa
1258 2942 1387 3020 opinione

407 3041 525 3099 imbutus
543 3040 689 3109 accesseris,
708 3040 799 3119 primo
819 3046 930 3118 politam
948 3039 1132 3117 phantasmata
1149 3042 1184 3099 ab
1205 3047 1389 3105 sumentis
1486 3088 1490 3097 .

408 3147 606 3206 narrationibus
618 3146 739 3225 petiisse3
761 3160 818 3205 tum
832 3165 908 3217 vero,
927 3165 989 3203 curn
1002 3146 1051 3204 illa
1069 3145 1267 3207 cumulafl'e'ad
1284 3164 1388 3209 cernam
1420 3117 1424 3138 Ι

407 3248 523 3326 aliquem
536 3248 577 3307 sui
590 3248 719 3329 temporis
729 3263 854 3307 eventum
867 3247 1070 3319 declarandum,
1090 3269 1171 3327 quem
1183 3251 1273 3329 paullo
1294 3252 1388 3312 obscu-

408 3351 465 3407 rius
482 3336 646 3429 designavit,
663 3353 792 3431 quoniam
813 3352 845 3410 in
865 3352 1027 3411 vaticinium
1047 3373 1105 3412 rem
1125 3355 1250 3422 mutavit,
1269 3358 1390 3437 adeoque
1439 3437 1442 3441 ἱ

409 3453 582 3513 vaticinantis
594 3454 682 3513 verbis
691 3470 718 3513 et
729 3454 960 3532 phantasmatibus
969 3455 1041 3515 sensa
1051 3457 1097 3515 sua
1107 3458 1241 3536 exposuit.
1279 3459 1390 3521 Summa

414 3555 603 3619 sententiarum
626 3560 683 3618 hac
707 3562 756 3628 est,
774 3549 976 3639 insequuturam
997 3563 1047 3620 esse
1065 3576 1219 3643 temporum
1232 3564 1391 3631 felicitatem

411 3682 557 3740 magnam3
578 3684 689 3741 eamque
701 3664 811 3742 initium
822 3665 978 3724 habituram
991 3666 1041 3724 esse
1052 3686 1068 3723 a
1080 3666 1216 3725 natalibus
1227 3670 1316 3746 pueri,
1327 3670 1391 3730 Pol-

410 3766 486 3826 lione
498 3768 565 3829 Cos.
576 3770 644 3830 nati.
683 3770 806 3851 Quinam
826 3771 874 3830 ille
893 3792 960 3850 puer
973 3772 1072 3843 suerit,
1092 3773 1199 3851 etquid
1215 3778 1324 3853 poitam
1343 3778 1392 3853 adj.

411 3876 533 3945 duxerit,
553 3889 584 3933 ut
597 3889 700 3933 tantam
723 3894 812 3933 rerum
830 3876 1031 3954 conversionem
1052 3896 1086 3933 co
1109 3890 1173 3934 nato
1192 3876 1393 3955 insequuturam
1511 3925 1519 3931 .

410 3980 536 4059 polliceri
556 3980 649 4059 posset,
669 3980 721 4056 hoc
744 3980 792 4049 est,
811 3980 884 4058 quod
899 3980 1036 4059 quaritur.
1077 3979 1189 4039 Scilicet
1210 3980 1282 4041 inter
1300 4000 1393 4043 omnes

412 4087 536 4163 populos,
556 4105 654 4165 magna
672 4084 798 4163 inprimis
818 4084 908 4163 aliqua
929 4083 1082 4142 calamitate
1101 4086 1243 4164 oppressos,
1262 4085 1393 4145 vaticinia
1510 4086 1512 4089 ⁴

412 4188 581 4255 circumsessi
593 4188 713 4257 assolent,
733 4208 793 4266 quas
804 4187 857 4245 five
866 4186 991 4265 graviora
1004 4186 1102 4245 minari
1118 4187 1172 4246 five
1183 4187 1288 4246 laetiora
1306 4185 1393 4245 solent

412 4289 547 4369 polliceri,
566 4311 661 4368 eaque,
681 4290 821 4349 necessaria
844 4308 933 4347 rerum
955 4288 1148 4357 vicissitudine,
1167 4285 1324 4345 melioribus
1343 4285 1394 4345 ali·
1440 4352 1446 4360 ,
1502 4297 1504 4302 ’

411 4394 522 4473 quando
539 4392 742 4453 succedentibus
761 4393 939 4472 temporibus,
958 4394 1014 4453 sere
1031 4393 1134 4470 semper
1145 4406 1271 4450 eventum
1283 4390 1395 4457 habent,

414 4500 503 4565 Nullo
515 4514 606 4559 mmen
618 4490 737 4580 tempore
749 4502 944 4560 vaticiniorum
956 4500 1073 4559 insanius
1092 4500 1146 4558 suit
1162 4497 1292 4567 studium,
1311 4517 1395 4575 quam

379 4623 381 4627 ’
414 4601 465 4671 sub
484 4618 603 4671 nuens
621 4604 778 4694 reipublicae
799 4606 931 4673 Romanae
956 4620 1089 4684 tempora,
1108 4602 1260 4690 primosque
1276 4603 1395 4681 Impera,
1416 4640 1419 4645 -

1305 4719 1394 4787 torcat
