3575 5509
533 726 941 821 GEORGICON‚
983 732 1100 807 LIB.
1136 736 1187 808 II.
1286 762 1356 841 373

368 929 473 1029 Quid
486 933 759 1004 memorandum
771 954 872 1029 aeque
886 918 1061 1007 Baccheia
1073 939 1165 1010 dona
1179 939 1357 1015 tulerunt?

372 1065 532 1137 Bacchus
549 1086 583 1139 et
600 1068 644 1139 ad
661 1069 807 1166 culpam
824 1071 955 1143 caussas
972 1072 1092 1147 dedit:
1110 1076 1170 1149 ille
1187 1076 1334 1151 firrentis

371 1204 568 1277 Centauros
585 1206 657 1277 leto
675 1206 827 1295 domuit,
845 1184 1095 1308 Rhoetumque
1112 1211 1342 1313 Pholumque

370 1342 419 1415 Et
436 1368 569 1441 magno
586 1343 763 1439 Hylaeum
780 1342 944 1441 Lapithis
961 1363 1095 1418 cratere
1111 1349 1321 1424 minantem.

418 1478 453 1550 0
471 1479 664 1551 fortunatos
681 1478 846 1569 nimium,
863 1455 965 1555 suasi
982 1479 1075 1555 bona
1092 1484 1224 1572 norint,
1284 1492 1354 1582 458

401 1687 457 1765 454.
473 1714 493 1752 et
510 1723 554 1768 qua
565 1704 595 1753 B.
609 1704 639 1754 ab
649 1704 703 1754 aliia
719 1705 778 1771 legi,
790 1704 819 1759 'iar
829 1704 951 1754 Serviania
960 1714 1189 1770 euterun—455.
1205 1720 1277 1775 cupam
1291 1710 1357 1775 apud

370 1784 452 1830 Lutat.
470 1782 500 1831 ad
518 1784 578 1831 Stat.
598 1799 648 1831 uno
667 1783 728 1843 loco,
744 1794 769 1831 at
787 1783 863 1832 alteoo
876 1786 966 1848 eulpam.
984 1801 1008 1835 v.
1028 1788 1112 1834 Burm.
1150 1790 1221 1853 culpas
1244 1790 1353 1840 Parthas.

368 1858 442 1906 Goth.
453 1873 492 1923 pr.
505 1874 565 1907 unua
576 1859 778 1920 Meus—456.
796 1861 891 1906 Rhoetum
903 1860 972 1908 scribi
984 1876 1013 1909 ex
1028 1862 1175 1910 membranis
1185 1863 1302 1928 plerisque
1311 1881 1357 1913 no·

369 1925 563 1986 tavit'Heinfius.
595 1940 690 1985 libarunt
702 1954 732 1987 ex
753 1938 903 1988 Callimacho
920 1937 956 2001 (in
973 1938 1046 1986 Dian.
1059 1943 1117 2006 221)
1128 1956 1244 2005 reponere
1255 1941 1354 1993 volebat
1407 1977 1412 1998 ,

366 2016 468 2066 Pierius.
501 2018 597 2065 Ithacum
609 2018 715 2082 gigantis
733 2034 823 2075 nomen
833 2016 890 2077 esse,
905 2019 999 2070 Rhoetum
1010 2019 1136 2083 Centauri,
1151 2020 1284 2069 statuerunt
1293 2022 1360 2081 alii3

365 2093 452 2142 melius
461 2094 555 2152 dixeris,
572 2094 670 2142 nomina
679 2105 720 2143 aut
731 2095 789 2159 poni
798 2095 933 2161 promiscue
944 2107 985 2143 aut
997 2095 1122 2154 conlundi.
1157 2098 1184 2145 ln
1199 2096 1280 2145 latinia
1287 2096 1355 2152 libris

368 2174 463 2221 libatum
476 2173 610 2223 constanter
624 2174 703 2232 scribi,
719 2174 812 2240 copiose
819 2173 906 2231 =docuit
917 2174 1019 2223 Bentlei.
1030 2174 1060 2222 ad
1072 2175 1159 2222 Horat.
1174 2176 1255 2223 Carm.
1269 2177 1300 2234 11,
1312 2188 1354 2240 19,

367 2263 408 2310 23.
441 2250 501 2298 adde
520 2252 598 2315 lntpp.
616 2251 646 2299 ad
667 2251 758 2315 Hygin.
779 2268 803 2315 p.
823 2263 838 2311 5
858 2252 925 2299 Stav.
961 2252 1084 2310 Centaurus,
1100 2266 1178 2316 graeca
1197 2251 1308 2310 flexione,
1323 2268 1353 2302 ex

249 2354 258 2362 -
364 2324 459 2390 aliquot
470 2336 529 2375 vett.
543 2327 637 2376 notavit
654 2326 877 2387 Pierius—457·
893 2346 970 2391 magna
980 2328 1025 2376 Ed.
1038 2331 1106 2393 Junt.
1139 2329 1240 2397 iheum,
1257 2330 1354 2391 Hileiam,

363 2403 440 2462 Iseum,
455 2405 534 2460 Ylerem,
552 2405 629 2464 Leam,
643 2404 761 2453 scribitur.
773 2421 796 2452 v.
811 2405 922 2471 Ptopert.
935 2407 955 2463 1,
971 2416 1046 2466 1,13.
1080 2407 1195 2453 Graecum
1210 2405 1244 2454 est
1254 2401 1352 2461 ’τ’λωῖις.
1425 2423 1427 2430 ·

363 2486 460 2531 minacem
473 2480 631 2560 Menagfflr„
644 2481 688 2544 ,sed
707 2481 756 2532 vid.
776 2480 985 2557 burm-458·
1002 2483 1087 2547 lonast
1096 2484 1140 2547 stra
1160 2485 1245 2535 Frauc.
1278 2495 1353 2534 nomae

364 2564 503 2625 Moretpr.

361 2738 503 2811 corticem,
517 2751 545 2799 et
553 2740 625 2799 adeo
635 2739 709 2799 intra
720 2750 830 2800 truncos
867 2742 1040 2800 'Britannum
1073 2741 1211 2820 sequutus,
1242 2739 1352 2820 copiose

358 2834 440 2875 cavos
452 2817 588 2877 arborum.
878 2818 1005 2888 adstruit,
1016 2826 1135 2897 furentes
1162 2820 1210 2877 leto
1231 2821 1349 2897 jungen-

400 2913 468 2973 454.
498 2915 565 2974 455.
592 2894 729 2955 Sationem
751 2894 828 2969 silva·
880 2895 946 2953 dum
958 2897 1019 2965 effe,
1039 2915 1094 2952 non
1107 2899 1198 2954 domuit
1213 2895 1268 2955 leto.
1308 2901 1350 2954 At

333 2995 334 2999 ¹
359 2990 420 3029 turn
438 2972 549 3030 suadere
569 2978 678 3051 po'e'tam
700 2971 828 3029 memine-
878 2972 952 3029 enim
954 2979 1047 3050 surm
1059 2974 1125 3030 caede
1137 2973 1220 3029 facile
1232 2973 1348 3044 dixeris,

358 3047 397 3105 ris
409 3067 443 3105 ex
454 3070 482 3107 v.
505 3068 570 3125 433.
611 3049 670 3109 Tot
692 3048 827 3125 tantisque
878 3068 1026 3126 numquam
1027 3054 1121 3124 furere
1130 3067 1215 3115 morte,
1225 3050 1281 3107 leto.
1295 3050 1350 3108 Sed

358 3124 524 3190 utilitatibus
569 3127 684 3184 multum
722 3125 827 3183 cedunt
877 3139 937 3182 tota
949 3126 1085 3184 dubitatio
1099 3126 1147 3183 illa
1167 3126 1255 3183 inanis
1267 3127 1304 3183 est
1315 3148 1348 3185 ac

356 3200 460 3260 fruetus
481 3203 630 3272 vinearum,
650 3223 709 3280 quae
732 3216 822 3260 tamen
877 3222 957 3271 vana,
977 3202 1008 3270 si,
1029 3204 1170 3280 quantain
1188 3203 1231 3260 his
1248 3204 1350 3262 fabulis
1428 3248 1433 3257 .

358 3292 414 3335 tam
423 3280 552 3338 assiduam
567 3300 681 3358 ¹operam
696 3279 824 3357 exiguom
876 3282 1019 3356 po'e'tarum
1043 3279 1158 3338 variatio
1179 3280 1224 3347 sit,
1242 3294 1269 3337 et
1295 3281 1349 3339 im·

356 3351 424 3429 quin
434 3375 525 3425 earum
539 3360 645 3415 cultura
658 3359 742 3415 multa
754 3358 824 3415 adeo
876 3376 948 3433 pune
982 3358 1033 3415 effe
1064 3358 1151 3435 possit,
1183 3357 1348 3419 memineris.

357 3432 428 3488 mala
441 3434 526 3498 affert.
565 3434 643 3500 Hoc,
663 3448 694 3492 ut
712 3439 824 3510 po'e'tam
877 3432 954 3513 Qid
971 3433 1065 3491 enim?
1085 3436 1133 3492 Ab
1153 3432 1214 3491 aliis
1238 3433 1346 3508 Jnlaeus

355 3508 481 3578 decebat,
513 3530 530 3566 a
551 3511 671 3590 generali
696 3529 728 3568 ac
751 3512 824 3594 nuda
875 3525 904 3568 et
918 3512 1024 3571 Rhoetus
1035 3513 1070 3569 ab
1078 3511 1207 3568 Atalanta
1216 3512 1246 3569 in
1257 3512 1346 3571 Arca.-

356 3586 545 3643 enuntiatione
578 3589 613 3644 ad
644 3586 708 3644 faeti
733 3606 824 3645 exem·
875 3587 923 3645 dia
947 3588 1028 3654 oecifi
1057 3602 1250 3647 memorantur.
1286 3589 1344 3654 vid.

354 3664 430 3739 plum
455 3663 576 3721 deducit.
615 3667 654 3724 ad
663 3664 772 3741 culpam,
792 3664 821 3725 h.
876 3666 1010 3743 Apollod.
1023 3664 1079 3734 111,
1093 3686 1123 3753 9,
1133 3688 1160 3725 z.
1172 3664 1265 3723 Schol.
1278 3666 1345 3723 Cal-

354 3740 389 3795 ad
403 3739 517 3808 sutores,
537 3740 573 3797 ad
585 3738 707 3799 facinora
722 3756 749 3797 et
768 3741 832 3810 cri<
874 3741 988 3806 simachi
1009 3740 1041 3799 in
1063 3744 1149 3803 Dran.
1170 3764 1221 3803 221
1250 3757 1278 3800 et
1301 3742 1344 3813 ibi

353 3817 429 3873 mina
463 3816 659 3875 committenda
700 3817 823 3877 incendit
875 3818 1020 3897 Spanhem.

353 3893 493 3963 homines3
519 3909 549 3951 ut
570 3896 629 3969 janu
661 3894 728 3951 bene
754 3894 821 3952 Bur·
912 3904 979 3975 458.
1006 3897 1156 3973 Sequuntut
1181 3894 1274 3957 laudes
1300 3895 1343 3953 vi-

352 3992 446 4030 maun.
471 3971 606 4049 exposuit.
648 3975 716 4051 456.
750 3969 820 4033 Vid.
873 3986 908 4030 tae
924 3973 1038 4038 rusticae,
1057 3976 1133 4031 loeus
1154 3973 1344 4044 nobilissimus,

351 4047 438 4106 Ouid.
461 4050 576 4108 Metam.
591 4049 663 4119 ΧΗ,
683 4070 739 4110 210
760 4049 819 4129 sq.
872 4050 949 4127 cujus
969 4049 1198 4128 pulchritudinem
1220 4051 1344 4126 quinon

349 4126 444 4183 Aliaa
465 4170 473 4185 .
494 4124 625 4197 Cerdam,
645 4128 709 4186 add.
732 4128 760 4185 A
791 4070 821 4186 Ι·
871 4128 980 4196 sentiat,
998 4126 1021 4184 is
1042 4147 1091 4185 nec
1113 4128 1212 4205 dignos
1233 4126 1276 4192 stt,
1296 4126 1344 4196 cui

349 4203 408 4261 lod.
433 4147 474 4273 Il,
491 4226 525 4292 5,
544 4222 565 4277 4
585 4219 612 4261 et
631 4204 720 4268 Notas
739 4148 795 4262 ado
794 4224 819 4264 e.
871 4220 1017 4262 enarretur.
1057 4203 1117 4286 Qi
1129 4203 1276 4290 dulcedine
1294 4203 1344 4291 ha·
1376 4227 1378 4230 ·

348 4280 370 4337 l.
406 4281 512 4339 Haburt
535 4281 622 4340 noster
643 4295 705 4344 ante
725 4284 819 4340 oculos
871 4300 931 4339 rum
949 4283 1120 4359 voluptatum
1134 4296 1228 4357 captus
1238 4281 1343 4343 diutius

348 4358 444 4434 Odysl.
469 4375 498 4434 φ,
513 4379 565 4435 ²95
591 4358 649 4436 sqq.
688 4359 763 4416 Cum
774 4379 817 4435 ap.
871 4357 924 4416 suis
937 4359 1052 4417 sensrbus
1068 4358 1210 4434 indulgere
1227 4358 1297 4424 vult,
1316 4357 1342 4414 ia

346 4434 434 4495 ovid.
457 4436 477 4494 1.
500 4436 519 4493 l.
545 4435 651 4503 Rhoetur
674 4450 701 4493 et
723 4436 818 4493 Pholus
870 4437 928 4511 post
949 4436 1072 4502 laudatos
1088 4435 1144 4509 jam
1167 4452 1182 4489 a
1203 4432 1296 4489 Cerda
1313 4448 1342 4491 et

346 4532 402 4571 non
415 4513 497 4572 occist
511 4511 557 4568 sed
568 4510 657 4589 fugati
667 4530 818 4570 memoren·
869 4513 931 4569 aliis
955 4510 1077 4571 conferat
1097 4510 1223 4581 Culicem
1247 4529 1274 4568 v.
1302 4531 1338 4588 ς’]

345 4603 401 4670 rur,
421 4588 569 4656 Martinus,
596 4590 686 4661 alium
706 4589 818 4648 dodum
868 4589 957 4665 -96.
972 4588 1075 4650 Horat.
1088 4588 1179 4666 Epod.
1192 4586 1231 4646 Il.
1244 4588 1339 4722 Caqqnl,

498 4696 500 4699 ’
1330 4706 1342 4748 t
