3575 5509
440 745 443 754 ·
542 627 1227 783 uucourcmcuss'w.
1284 650 1370 791 ἐς
1450 637 1452 641 ’
1555 720 1559 727 ·

394 901 595 978 Concordes
612 897 728 971 stabili
746 896 901 971 fatorum
916 895 1063 967 numine
1078 892 1212 965 Parcae.

396 1038 604 1137 Adgredere
620 1059 643 1105 o
659 1057 820 1129 magnos,
836 1015 949 1102 aderic
959 1029 1038 1128 jam
1053 1029 1373 1126 tempus,honorcs,

399 1173 488 1250 Cora
504 1172 609 1244 deum
625 1167 774 1255 suboles,
791 1189 964 1263 magnum
981 1165 1080 1259 Jovis
1094 1159 1371 1238 incrementum!

326 1290 329 1296 ,
363 1272 366 1279 Ι
398 1308 557 1405 Adspice
572 1328 734 1383 convexo
747 1300 930 1375 nutantem
945 1302 1101 1399 pondere
1112 1301 1287 1373 mundum
1299 1336 1309 1385 ς
1328 1320 1375 1397 ςο

399 1422 1374 1537 Teriasquetraciusquemariscoelumqueprofundum
1426 1465 1428 1469 ·
1514 1497 1559 1546 ,Ἠ

371 1630 374 1637 ·
399 1576 568 1673 Adspice,
592 1593 739 1655 venturo
754 1574 922 1648 laetentur
937 1590 977 1644 ut
992 1572 1115 1644 omnia
1130 1570 1248 1644 saeclo.

434 1770 475 1831 48.
486 1771 613 1838 Adgredere:
628 1770 769 1838 scripturam
780 1789 793 1821 e
803 1770 872 1821 libris
883 1770 963 1819 firmat
975 1770 1069 1829 Burin„
1083 1767 1161 1818 nescio
1172 1785 1214 1819 cur
1225 1767 1273 1818 hoc
1287 1766 1378 1834 petiffl·

367 1865 370 1871 '
401 1868 470 1905 mum
480 1855 540 1903 loco.
573 1856 674 1904 Tuenda
684 1867 736 1904 erat
747 1872 785 1913 eo,
800 1856 865 1918 quod
875 1866 986 1903 tenorem
996 1863 1020 1909 et
1037 1852 1192 1900 constantiam
1204 1852 1271 1917 sequi
1281 1852 1379 1920 constu-

401 1933 654 1996 taneumest.-49.
670 1933 736 1980 Clara
747 1936 835 1980 Moret.
845 1942 923 1995 quart.
934 1942 958 1979 et
973 1929 1059 1978 Scheff.
1069 1928 1185 1979 receutiff.
1217 1930 1284 1988 ldeqn
1298 1929 1380 1989 versus

402 2009 429 2059 in
451 2009 503 2057 ciri
525 2025 549 2057 v.
571 2023 627 2072 399.
653 2011 731 2073 fideles
751 2021 820 2057 vetus
843 2008 1070 2073 scriptura—51.
1089 2006 1207 2070 ferreosque
1226 2017 1246 2054 et
1264 2009 1380 2071 tradesque

403 2089 503 2148 Menag.
516 2084 585 2143 alter,
600 2085 688 2133 scilicet
707 2085 738 2133 ad
759 2084 905 2132 fulciendum
928 2083 1032 2131 versum.⁴
1066 2081 1194 2145 ‘terramque
1211 2082 1320 2131 nonnulli
1340 2098 1381 2147 ap.

405 2160 575 2219 Pice—52.
592 2162 689 2207 letantur
705 2163 777 2208 Rom.
794 2160 873 2227 Bierii.
887 2159 949 2207 conf.
960 2161 1042 2207 Burm.
1051 2159 1082 2207 ad
1092 2157 1142 2207 Ecl.
1154 2160 1186 2217 Π,
1196 2156 1236 2207 66.
1258 2159 1338 2215 Bentl.
1349 2159 1381 2210 ad

406 2236 493 2294 Horae
505 2236 580 2313 Epist.
593 2238 613 2297 1,
626 2253 647 2299 1,
660 2250 700 2305 91,
715 2249 739 2288 et
757 2238 804 2287 hoc
816 2238 994 2306 praeferendum
1012 2237 1037 2285 in
1046 2239 1119 2303 podta
1129 2235 1241 2285 arbitror.

404 2416 440 2455 ex
454 2400 515 2458 colo
530 2400 645 2460 deducio
659 2401 713 2461 fata
733 2402 805 2470 sunt,
825 2402 869 2463 seu
917 2423 980 2462 nem
991 2400 1164 2481 portendun't.
1203 2419 1251 2484 49,
1264 2429 1389 2485 megm-
1481 2429 1483 2438 ⁴

344 2555 345 2560 ἵ
406 2474 500 2534 saecla:
522 2478 579 2548 haec
593 2480 651 2547 neri
673 2482 817 2549 dicuntur;
839 2495 870 2556 ut
916 2483 998 2562 Jovis
1009 2493 1192 2553 incrementum,
1212 2484 1339 2559 alumnus¹
1352 2497 1382 2541 et

404 2554 477 2686 ppud
486 2553 637 2614 Homerum
646 2558 870 2619 totieszoorubeo
917 2558 1060 2626 nutricius,
1079 2560 1183 2637 θρέμμα
1204 2562 1272 2628 Διὸς,
1290 2560 1382 2637 διοτρ-

420 2646 462 2717 ara
496 2631 578 2689 alicui
610 2635 750 2705 destinare,
779 2640 868 2694 nendo
918 2639 975 2712 pis,
988 2652 1034 2695 ut:
1055 2637 1123 2712 Jove
1134 2654 1219 2697 natus.
1232 2640 1269 2697 cf.
1282 2639 1383 2699 Cerda.

405 2705 617 2790 scrig'Aio'dooor
627 2721 720 2778 roofiror
728 2720 869 2781 ἐπέκλωσαν
920 2736 966 2793 50.
988 2713 1101 2784 Eorum,
1132 2737 1193 2793 quae
1225 2715 1382 2793 sequuntur,

391 2846 393 2850 4
406 2782 458 2841 broi
468 2788 548 2853 ὄλβον.
571 2788 677 2845 Habuit
688 2791 870 2867 autern,quod
920 2785 1047 2867 ambigua
1058 2793 1094 2849 est
1104 2807 1132 2849 et
1142 2794 1270 2850 {truciora
1280 2805 1307 2849 et
1324 2790 1383 2857 seu-

404 2860 461 2937 jam
496 2864 622 2925 Macrob.
648 2865 703 2935 VI,
741 2889 751 2926 1
787 2867 870 2938 vidit,
920 2868 1020 2924 tentia:
1054 2867 1139 2926 Potest
1173 2868 1249 2947 prior
1271 2866 1383 2928 versure

407 2937 491 2996 Maro
503 2957 565 3000 ante
576 2944 669 3000 oculos
682 2944 785 3004 Catuli.
803 2945 870 3012 LX,
921 2946 1008 3020 Aspice
1027 2953 1135 3003 convexo
1145 2961 1272 3003 nutantem
1279 2948 1385 3021 pondere

410 3033 466 3089 320
478 3016 549 3094 sqq„
568 3020 617 3077 ubi
634 3021 670 3077 est
693 3024 792 3080 Currite
802 3025 869 3103 fust,
921 3024 1035 3079 mundum
1047 3022 1131 3097 perse
1149 3021 1238 3098 accipi
1257 3037 1386 3098 tanquam

410 3094 463 3149 Sed
482 3119 538 3163 vos,
569 3121 628 3175 quae
641 3105 708 3175 fato
722 3104 870 3178 stquunrur,
939 3097 1075 3155 hantasma
1088 3098 1272 3176 propheticum
1289 3098 1333 3155 seu
1344 3100 1386 3157 vi·

410 3169 512 3227 Currite
524 3177 634 3232 ducentes
644 3177 798 3248 subtemina,
814 3201 870 3236 cur·
920 3118 979 3232 ium
999 3174 1129 3252 prodigii,
1149 3174 1225 3253 quod
1246 3173 1386 3236 instantem

409 3252 543 3377 rileolstefi.
583 3253 656 3308 Tum
677 3275 712 3330 47
741 3256 873 3312 Concordes
922 3271 1010 3309 rerum
1033 3250 1208 3309 inrerfionem
1225 3252 1383 3330 portenditz

399 3320 494 3400 stabii
508 3334 625 3402 fatorum
647 3340 743 3387 nurnine
769 3334 871 3390 Parcae.
922 3328 1040 3387 univerfi,
1056 3343 1184 3387 terrarum
1204 3328 1279 3388 orbis
1298 3345 1387 3390 motus

400 3405 470 3485 fcta
481 3399 661 3477 funestorum,
679 3398 873 3477 immutabilia,
923 3425 954 3462 ac
965 3420 1073 3463 tremor.
1112 3409 1213 3465 mundus
1230 3423 1385 3467 nutanscore·

401 3472 497 3547 'usque
509 3504 596 3537 numen
612 3481 640 3538 h.
662 3484 702 3539 vis
722 3498 749 3540 et
763 3486 874 3559 potestas
922 3506 989 3541 vexo
996 3485 1101 3559 pondere
1108 3499 1200 3541 ornate
1212 3483 1299 3543 dicius
1314 3505 1385 3564 pro:

411 3568 489 3637 aeque
513 3576 544 3613 ac
567 3558 688 3616 voluntas
707 3559 800 3616 divina
823 3562 872 3619 tri·
924 3561 1038 3618 mundus
1054 3579 1200 3628 convexus,
1216 3562 1310 3620 caelum
1323 3565 1389 3621 cou-⁴

412 3624 516 3714 buitur.
554 3635 646 3692 Parcae
663 3638 781 3693 concordes
793 3645 874 3715 sotis,
924 3653 1033 3706 verum,
1061 3650 1175 3696 nutans:
1200 3638 1267 3695 bene
1290 3640 1387 3698 tribui-

412 3702 443 3761 h·
456 3722 486 3760 111
497 3708 559 3767 fatis
575 3710 717 3769 hominum
736 3730 876 3789 rerumque
924 3727 970 3771 tur
991 3715 1059 3771 caelo
1084 3715 1178 3783 moles,
1202 3718 1318 3793 pondus,
1342 3718 1386 3776 in-

322 3812 327 3820 ·
413 3779 606 3844 definiendiset
616 3789 816 3849 constituendis.
826 3792 875 3848 So·
924 3791 1021 3868 primis
1047 3791 1076 3847 in
1102 3806 1188 3852 motu.
1225 3794 1310 3852 Natat
1339 3815 1388 3855 au·
1428 3796 1431 3799 ”

412 3856 565 3945 Ιῼξῑῑαυῐεω
577 3872 666 3954 poetae
680 3866 761 3923 ruodo
771 3866 799 3923 in
808 3888 875 3945 nup-
926 3881 979 3924 tem
998 3884 1025 3925 et
1042 3869 1198 3927 concutitur
1213 3869 1287 3928 orbis
1304 3884 1388 3930 terra-

413 3946 460 3991 1118
478 3943 559 3999 modo
575 3962 604 3999 ιη
622 3943 754 4001 natalibus
771 3942 876 4013 Parcas,
925 3963 996 4012 rum,
1015 3960 1150 4023 tamquam
1169 3948 1323 4005 adventuet
1340 3969 1388 4039 ap·-

413 4020 654 4097 Mo‘goee,adhibere
667 4020 721 4077 fata
733 4035 865 4079 canentes.
925 4021 1058 4098 paritione
1091 4023 1221 4094 numinis,
1245 4026 1319 4113 quod
1358 4046 1389 4085 m

455 4105 535 4177 48-
549 4117 592 4174 52.
628 4097 727 4155 Dicere
760 4098 816 4155 baec
842 4104 876 4156 ἐν·
925 4102 1068 4175 {repondere
1077 4100 1190 4157 deorum
1202 4102 1260 4159 fieri
1272 4100 1390 4160 sollenne

414 4176 505 4237 beredo
524 4174 559 4232 de
578 4195 671 4254 puero,
689 4177 745 4250 jam
765 4175 799 4232 ad
810 4175 877 4232 viri·
925 4178 970 4236 est.
994 4178 1064 4256 Quae
1074 4177 1229 4253 sequuntur,
1242 4196 1304 4235 cum
1317 4190 1391 4235 ante·

415 4257 470 4314 iem
483 4252 558 4309 illam
571 4269 673 4325 aetatem
693 4252 798 4320 adulto,
808 4251 877 4309 exis-
926 4255 1037 4313 cedente
1047 4255 1160 4333 jungere
1172 4254 1248 4318 licet,
1261 4268 1289 4310 at
1298 4269 1322 4311 et
1336 4258 1390 4330 r‘pste

413 4332 549 4391 timandus
561 4332 596 4388 est
609 4338 700 4407 poeta,
709 4330 880 4407 impatienter
925 4349 1006 4399 terra,
1020 4355 1099 4400 mare,
1111 4330 1210 4395 caelum,
1222 4344 1326 4399 nuten23
1345 4344 1391 4388 ut·

414 4410 503 4471 ferens
519 4427 632 4472 moram,
643 4427 646 4432 ·
657 4421 685 4463 et
706 4407 762 4483 jam
785 4405 879 4465 animo
946 4429 979 4466 ue
989 4407 1148 4484 subjiciatur
1158 4407 1193 4463 fic
1206 4407 1241 4463 ad
1254 4406 1392 4465 declaran.

340 4527 342 4532 .
414 4485 557 4586 providens
565 4483 690 4564 praesagia
697 4503 728 4541 ac
739 4483 879 4560 prodigia,
926 4430 989 4543 dam
1000 4484 1132 4542 cauffam:
1151 4484 1245 4559 adspice
1262 4500 1291 4539 ur
1311 4489 1393 4562 eretria

413 4581 477 4648 pue
489 4553 621 4641 ‘inagnum
642 4581 731 4634 rerum
751 4559 878 4621 mutatio·
926 4561 1045 4621 letentur
1058 4566 1164 4647 perimo
1172 4558 1260 4637 seclo,
1278 4556 1393 4620 instante

422 4653 429 4664 ⁴
643 4717 646 4722 Ι
1282 4654 1392 4717 magna
