3575 5509
491 693 656 752 ccxxxvr
722 670 835 751 TIB.
871 670 957 743 CL.
995 669 1238 744 DONATI

490 874 590 936 Diana
613 874 731 953 primum
763 894 869 937 carmen
906 874 963 932 hoc
979 874 1122 934 redditum
1151 874 1257 941 dicant,
1288 893 1354 933 cum
1380 875 1470 943 eidem

490 966 568 1031 Deae,
597 979 705 1042 propter
729 963 842 1033 bellum,
872 964 947 1041 quod
972 965 1024 1021 toti
1045 963 1160 1036 Graeciae
1189 956 1239 1020 illo
1263 974 1385 1041 tempore
1408 965 1470 1026 Per·

489 1047 525 1109 iae
551 1050 714 1119 inferebant,
742 1049 863 1109 exhiberi
890 1069 938 1127 per
957 1050 1076 1127 uirgines
1099 1049 1134 1107 de
1155 1067 1230 1107 more
1252 1047 1325 1107 sacra
1344 1070 1401 1107 non
1413 1054 1472 1129 pos·

489 1138 557 1200 sent.
611 1138 672 1199 Atii
695 1139 730 1196 ab
750 1140 853 1209 Oreste,
884 1138 958 1196 citca
982 1138 1106 1197 Siciliam
1118 1158 1200 1214 vago,
1226 1136 1257 1196 id
1277 1140 1472 1214 genuscatmi·

441 1232 477 1311 85
498 1227 540 1287 nis
561 1228 658 1286 Diana
693 1226 828 1288 redditum
862 1227 1010 1304 loquuntur
1046 1246 1094 1305 per
1120 1225 1209 1303 ipsum
1233 1238 1315 1301 atque
1338 1226 1472 1302 pallerent

491 1338 547 1395 quo
568 1331 688 1395 tempore
710 1317 745 1374 de
767 1315 879 1393 Scythia
908 1336 972 1375 cum
994 1316 1096 1390 Pylade
1124 1314 1242 1392 fugerat,
1277 1314 1398 1392 surrepto
1424 1334 1474 1372 nu·

492 1404 575 1466 minis
598 1404 749 1473 simulacro,
775 1418 803 1461 et
826 1405 913 1462 celato
937 1403 967 1460 in
989 1404 1059 1462 fasce
1079 1404 1234 1481 lignorum
1263 1403 1336 1459 unde
1358 1400 1474 1462 Fatoeti-

492 1492 557 1550 dem
570 1487 688 1549 Dianam
701 1491 844 1570 perhibent
866 1506 1064 1570 nuncupatam:
1097 1490 1168 1569 apud
1193 1491 1269 1567 cujus
1293 1510 1352 1548 aras
1370 1490 1483 1549 Oreste(⁴

493 1599 542 1660 per
566 1580 731 1647 sacerdotem
756 1580 876 1668 ejusdem
898 1582 1016 1649 numinis
1040 1580 1213 1668 Iphigeniam
1234 1578 1354 1646 sororem
1372 1578 1475 1641 suarna¹

492 1786 541 1839 lico
562 1788 792 1853 disputatiunculam.
840 1789 907 1837 Nihil
933 1789 959 1837 in
1010 1789 1232 1853 Apolpaimatiard
1251 1791 1340 1839 calcem
1351 1789 1477 1840 Mandat

495 1853 606 1901 omnibus
623 1854 668 1912 his,
684 1871 736 1917 quae
754 1866 885 1902 memorata
898 1854 962 1911 sunt,
1011 1854 1229 1919 Heulingeroedita
1239 1872 1263 1920 p.
1276 1870 1364 1919 93.95.

495 1917 539 1974 eil,
551 1918 631 1981 inquo
643 1917 868 1983 acquiescereposfis.
903 1920 960 1965 Non
1044 1920 1063 1982 t.
1076 1920 1115 1978 85.
1131 1922 1239 2032 aborpste.
1273 1923 1301 1968 ln
1312 1919 1398 1977 Sicilia,
1414 1920 1478 1969 iuter

495 1983 578 2030 vident
601 1984 709 2031 homines
729 1984 803 2041 dotti,
829 1982 893 2030 aliud
915 1982 961 2029 else
1013 1983 1095 2046 Mylas
1106 1995 1129 2031 et
1141 1986 1195 2032 Nau
1206 1985 1301 2042 ochum,
1319 1984 1477 2048 noulongea

496 2048 731 2095 carmenhucolicum
739 2047 962 2105 elaboratum,aliud
1012 2049 1179 2112 promontorio
1189 2049 1282 2107 Peloro,
1292 2049 1410 2113 templum
1420 2048 1477 2098 nia

496 2112 556 2160 rude
576 2123 601 2158 et
618 2112 751 2170 indoctum,
777 2113 840 2175 quod
860 2112 962 2175 impetus
1013 2130 1048 2160 nae
1059 2116 1155 2159 Facelinae
1166 2113 1348 2172 livefacelr'tidis,
1362 2111 1481 2181 Ἀμίμιδισ

497 2176 581 2232 animi,
597 2175 718 2236 exultatio,
734 2187 758 2224 et
775 2177 873 2225 affedus
887 2189 962 2224 teme-
1013 2176 1151 2240 φικιλίτιδις,
1175 2190 1240 2235 erat3
1267 2179 1333 2242 cujus
1349 2180 1478 2237 lacrumae

496 2256 525 2288 re
547 2239 654 2289 effundit.
707 2240 863 2289 confundunt
890 2257 963 2304 porro
1014 2258 1102 2289 nomen
1126 2260 1139 2290 a
1161 2242 1349 2293 Lacedaemoniis
1375 2243 1478 2307 petitum

496 2303 601 2367 hymnos
618 2304 642 2351 in
662 2305 718 2354 duos
734 2306 842 2368 agrestes,
857 2317 882 2353 et
901 2307 964 2353 sacra
1014 2319 1079 2364 erat,
1103 2323 1127 2353 v.
1146 2308 1244 2355 Pausan.
1255 2309 1296 2364 lll,
1316 2307 1355 2365 16,
1373 2324 1398 2371 p.
1417 2321 1481 2371 2493

499 2379 619 2416 eorumet
637 2368 733 2417 fabulae
768 2371 859 2417 Eadem
875 2381 965 2427 tarmen,
1015 2387 1070 2419 cum
1089 2383 1169 2419 autem
1188 2372 1213 2418 hi
1227 2370 1345 2435 originem
1362 2387 1377 2420 a
1397 2372 1481 2422 niano

498 2447 553 2495 quae
571 2432 610 2478 hic
628 2444 801 2491 memorantur,
820 2435 923 2498 reperias
938 2435 964 2482 in
1015 2436 1122 2483 Taurica
1135 2435 1306 2501 iimulacroper
1317 2435 1428 2484 Orestem
1439 2438 1482 2484 de-

497 2497 575 2561 princ.
593 2497 730 2546 Comment.
748 2498 831 2555 Servii,
849 2516 862 2547 e
880 2498 966 2561 quibus
1015 2512 1111 2565 portato
1119 2511 1251 2565 repeterent
1259 2502 1270 2546 ι’
1283 2498 1368 2557 fabule
1383 2499 1482 2549 licentia

499 2560 611 2607 videntur
631 2560 676 2608 huc
700 2562 761 2609 male
782 2575 891 2620 revocata
911 2562 964 2610 effe.
1016 2564 1101 2612 deinde
1112 2580 1203 2612 errores
1212 2564 1303 2627 aliquos
1313 2563 1404 2612 Orestis
1420 2564 1482 2613 circa

400 2636 410 2656 ⁵
471 2675 475 2680 ¹
501 2625 561 2671 Sunt
588 2637 668 2673 autem
700 2627 811 2690 pleraque
838 2645 851 2675 e
879 2631 965 2676 Graeco
1016 2629 1120 2684 Siciliam
1134 2628 1279 2685 comminisci
1288 2640 1422 2693 coeperuut3
1438 2645 1483 2678 uus

501 2689 665 2741 Grammatico
686 2691 804 2749 conversa,
822 2692 863 2755 qui
881 2691 910 2739 ab
922 2692 966 2739 Al·
1017 2693 1046 2741 de
1064 2694 1132 2741 fluxit
1143 2694 1247 2744 narratio
1266 2694 1295 2741 de
1312 2692 1416 2741 bucolici
1431 2708 1485 2741 car-

500 2753 557 2802 dina
574 2754 627 2802 inde
640 2755 732 2820 praefigi
748 2756 879 2804 Theocrito
897 2756 965 2807 solet:
1017 2758 1089 2805 minis
1103 2757 1205 2821 origine,
1223 2773 1276 2821 quse
1302 2756 1364 2814 hl.
1386 2756 1484 2822 legitur,

500 2820 547 2884 etei
559 2820 592 2875 cti,
612 2822 643 2867 sni
659 2822 697 2869 sal
715 2822 758 2878 nnis
777 2822 848 2888 ιύςίθη
863 2823 893 2870 τὰ
904 2832 967 2873 Brutos
1021 2824 1059 2871 De
1081 2826 1155 2870 Diana
1173 2824 1300 2874 Phasetin'de
1323 2822 1341 2870 s.
1366 2824 1484 2882 Faedrs'do,

501 2884 563 2932 λαιά.
915 2896 919 2902 ·
1017 2903 1065 2938 nou
1078 2903 1136 2935 vero
1148 2889 1179 2933 Fa
1188 2890 1256 2945 selide,
1269 2903 1296 2934 v.
1311 2887 1374 2951 inpr.
1385 2887 1485 2943 Cluver,

533 2969 547 2996 a
568 2950 721 3005 Lacedamosiis
744 2952 865 3019 pastoribus.
900 2950 967 3009 Bello
1017 2952 1042 2999 in
1055 2952 1117 3008 Sicil.
1130 2963 1178 2999 ant.
1189 2969 1213 3014 p.
1232 2966 1282 3011 504
1291 2950 1343 3013 sqq.
1362 2950 1486 3000 Μαυάκ-

417 3025 420 3030 “
480 3012 594 3064 ·Periito
613 3016 765 3065 curnieilurn
781 3017 865 3065 Dianae
877 3018 912 3064 Ca
942 3033 966 3063 a·
1018 3017 1151 3080 adHygin.
1172 3015 1217 3070 tab.
1232 3017 1342 3073 ccuxt
1365 3016 1486 3075 Antonin,

502 3080 560 3130 tidis
577 3080 681 3137 instaret,
697 3082 761 3145 cujus
779 3082 860 3128 lanum
878 3081 903 3128 in
912 3032 966 3129 ¹Zass
1018 3081 1072 3130 Lib.
1087 3096 1124 3139 27.
1136 3081 1205 3127 Adde
1217 3083 1350 3130 (immutat.
1361 3080 1483 3129 Theocrit.

500 3145 584 3194 conica
601 3157 660 3204 erat,
674 3146 699 3193 in
718 3163 765 3209 quo
776 3146 881 3209 virgines
891 3148 967 3193 Lace·
1018 3145 1057 3194 ll.
1070 3144 1240 3193 Schotttorae
1250 3145 1449 3207 Cruqu.lCarm.
1460 3157 1486 3204 7,

501 3210 676 3263 daemoniorum
687 3210 871 3266 anniversarium
882 3209 968 3258 festum
1021 3222 1058 3259 10.
1092 3212 1169 3273 lntpp.
1192 3210 1223 3256 ad
1255 3208 1357 3258 Vibium
1379 3225 1404 3285 P:
1428 3221 1484 3267 170.

501 3275 664 3396 tritum,
677 3274 968 3395 tuutufttlu
1018 3272 1488 3398 tuttuuuttthtuttz

504 3400 568 3450 bello
587 3402 778 3467 itaquePerstco,
801 3402 864 3465 quod
877 3405 969 3449 Xerxes
1018 3402 1232 3470 Tauricaedgieaet
1257 3401 1331 3458 Soliti.
1347 3408 1398 3465 tap.
1420 3417 1444 3461 a,
1461 3418 1489 3467 p,
1533 3449 1536 3456 ,

503 3467 603 3515 Graeciae
611 3466 757 3521 intulit,cum
763 3478 860 3530 propter
866 3466 969 3514 hostium
1021 3480 1051 3527 13
1061 3470 1088 3516 C.
1101 3468 1154 3518 add
1168 3466 1314 3514 Wernsdorf.
1326 3465 1379 3514 diff.
1392 3466 1423 3515 de
1433 3465 1487 3531 pig·

502 3543 596 3579 metum
608 3530 692 3595 puellae
704 3532 873 3585 Lacedaemone
888 3532 970 3594 egredi
1020 3532 1095 3582 norib.
1117 3530 1211 3595 imperii
1227 3533 1298 3579 Rom.
1320 3530 1394 3590 1786,
1409 3546 1433 3596 p.
1457 3544 1486 3591 13

426 3651 429 3655 Δ
504 3610 553 3643 non
576 3597 698 3654 auderent,
729 3596 831 3659 pastores
846 3595 970 3643 Laconici
1020 3596 1051 3659 sq.
1074 3607 1097 3643 et
1120 3595 1210 3659 Rhegii
1224 3585 1274 3661 ejus
1291 3593 1378 3659 religio
1388 3594 1487 3645 habita:

504 3660 557 3721 agri
579 3661 642 3707 sacra
661 3658 737 3707 feciffe
760 3670 783 3707 et
804 3661 909 3717 Dianam
924 3659 971 3707 suis
1001 3675 1042 3709 ·v,
1054 3660 1173 3707 Morisani
1185 3659 1300 3722 lrtscriptt.
1310 3660 1347 3706 Re
1367 3659 1398 3707 ἰι
1410 3675 1436 3722 μ
1446 3672 1487 3724 91.

505 3724 649 3772 carminibus
662 3719 785 3771 celebrasse
796 3720 970 3783 memoraturum
1022 3738 1061 3787 9²·
1095 3728 1156 3772 Tam
1172 3724 1220 3777 late
1236 3724 1312 3788 sparsa
1342 3778 1344 3781 v
1383 3722 1436 3772 haec
1452 3722 1488 3771 fa-

505 3789 671 3851 quaecarmina
690 3788 969 3852 cumprobatafuiffent.
1018 3788 1083 3847 buln,
1116 3800 1143 3836 ut
1172 3788 1258 3836 eadem'
1280 3788 1325 3837 hac
1347 3787 1398 3836 lace
1421 3787 1491 3853 plura¹

506 3852 535 3900 ab
547 3870 575 3901 eo
586 3864 693 3917 tempore
705 3870 798 3900 morem
815 3854 902 3901 horum
921 3871 971 3901 car-
1021 3853 1163 3917 scriptorum
1182 3853 1232 3899 loca
1255 3852 1392 3901 collustrare
1412 3851 1489 3917 pollis,

505 3917 599 3965 minum
619 3916 663 3965 elle
679 3918 806 3967 servatum.
846 3921 915 3976 Haec,
930 3918 971 3974 etii
1025 3918 1108 3982 Qrid?
1132 3918 1196 3980 quod
1209 3917 1239 3964 ad
1250 3917 1344 3980 Syriam
1355 3916 1441 3972 eadem
1454 3915 1490 3965 ta-

506 3982 546 4029 uix
562 3982 641 4029 videas
659 3982 778 4045 quomodo
797 3983 851 4030 inde
871 3984 971 4031 bucolici
1020 3983 1079 4029 bula
1099 3982 1145 4029 fuit
1159 3982 1263 4030 dedudla
1281 3981 1310 4029 ab
1330 3981 1494 4031 Antiochenit

506 4047 617 4094 carminis
627 4047 695 4109 origo
707 4047 782 4109 repeti
792 4048 868 4113 poffit,
883 4049 972 4111 jaclata
1021 4048 1181 4110 scriptoribus,
1197 4046 1238 4109 qui
1248 4047 1347 4093 omnino
1358 4044 1402 4101 fibi
1409 4046 1435 4094 in
1444 4044 1491 4093 hoc

415 4117 418 4121 ’
506 4112 587 4159 videas
600 4111 704 4173 ubique:
728 4112 776 4159 vid.
797 4114 973 4161 Grammaticus
1037 4110 1491 4169 Iacuere,utvcteresfabularadiuum

507 4176 533 4226 in
549 4176 627 4224 fronte
642 4175 782 4223 Theocriti:
806 4178 918 4224 Seruiana
934 4193 970 4240 pr.
1020 4128 1308 4223 lirantenttraducerent.
1321 4190 1348 4224 u.
1362 4173 1455 4222 Matala
1464 4188 1490 4238 p.

506 4241 638 4290 Bucolicor.
660 4239 909 4305 lsrdor.01igg.l,c.
931 4242 973 4301 38.
1023 4241 1075 4299 176.
1095 4242 1195 4289 Ccdreu.
1207 4258 1229 4304 p.
1241 4252 1289 4297 134
1301 4239 1334 4302 sq.
1364 4238 1489 4303 Lamprid.

505 4306 636 4353 Diomedes
654 4304 696 4351 lib.
718 4307 757 4362 ΙΙΙ,
773 4323 796 4369 p.
814 4305 861 4365 483
878 4306 974 4355 Putsch.
1022 4305 1118 4368 tttagab.
1143 4322 1167 4365 7,
1181 4316 1205 4352 et
1225 4304 1258 4353 ibi
1275 4303 1371 4352 Salustii
1389 4300 1492 4352 elariffi·

443 4377 447 4383 '
507 4370 600 4426 Probus
617 4370 645 4417 dc
663 4369 762 4417 bucolici
781 4371 890 4418 carminis
902 4372 973 4418 ratio·
1020 4385 1089 4417 mum
1109 4370 1193 4417 Dianae
1206 4368 1315 4417 Tauricae
1334 4368 1430 4432 lignum
1445 4366 1493 4415 fuit

509 4450 548 4492 ne,
564 4433 671 4497 praefixus
681 4436 736 4482 edd,
747 4436 874 4492 nonnullis,
889 4446 917 4482 ut
929 4438 974 4481 Ba·
1020 4434 1046 4480 in
1058 4435 1146 4483 Atticae
1165 4450 1227 4497 pago
1240 4435 1380 4486 Braurouc:
1407 4430 1491 4497 Eurip

507 4498 543 4559 fil.
562 4499 712 4565 chricpetr.
737 4504 794 4551 Vct.
816 4501 973 4555 Grammatic.
1021 4499 1098 4565 lphig.
1111 4500 1221 4550 iuTaur.
1234 4509 1293 4554 extr.

1453 4556 1492 4616 2⁶.
