3575 5509
585 705 955 786 CODICIBUS
996 713 1107 792 MSS.
1238 748 1337 805 axrx

349 912 434 986 locis
448 907 644 997 salebrosrs,
669 923 776 1008 atque
796 910 885 986 adeo
901 909 948 989 sic
968 935 1111 1015 quoque
1128 919 1335 1000 humanita-

350 1039 392 1113 tis
405 1054 443 1110 et
458 1035 588 1134 gratiae
615 1036 789 1108 meritum
813 1036 881 1110 viri
906 1037 1181 1118 Praestantissimi
1206 1047 1244 1119 in
1270 1075 1330 1124 me

343 1160 412 1239 effe
427 1161 612 1235 summum
628 1161 812 1257 profiteor.
1303 1261 1307 1271 Ι

393 1285 617 1359 Bibliotheca
630 1285 813 1358 Academia
831 1285 937 1378 Juliae
950 1289 1044 1385 apud
1060 1290 1328 1370 Helmstadien.

343 1411 395 1491 ses
411 1413 487 1486 duo
505 1413 615 1487 servat
631 1411 776 1507 Virgilii
800 1415 1014 1510 exemplaria
1029 1418 1168 1490 calamo
1186 1419 1328 1517 scripta,

343 1537 460 1613 sedet
476 1538 555 1610 haec
571 1536 736 1622 recentia,
760 1557 824 1605 nec
850 1535 925 1611 ullo
943 1554 1002 1611 aut
1024 1539 1138 1613 studio
1162 1542 1327 1616 librario·

344 1686 429 1735 rum
444 1680 505 1736 aut
516 1659 678 1735 dostrina
694 1657 855 1755 insignia.
910 1658 1068 1756 Liquido
1083 1663 1160 1736 haec
1177 1667 1328 1764 cognos-

345 1810 425 1860 cere
454 1785 569 1875 licuit,
594 1785 887 1882 quandoquidem
919 1784 951 1857 Ι.
976 1785 1019 1857 C.
1054 1787 1325 1882 Wemsdorfius,

341 1907 518 1984 Professor
532 1907 578 1980 de
592 1931 633 1980 ea
649 1906 846 1980 Academia
862 1909 1033 2003 praeclare
1046 1912 1203 2000 meritus,
1222 1914 1324 1987 Prin-

341 2034 418 2130 cipi
434 2032 534 2105 Duci
557 2027 738 2102 Brunsvic.
763 2054 785 2104 a
802 2028 934 2104 Confil.
955 2033 1039 2121 aul„
1061 2035 1245 2133 utriusque
1259 2063 1323 2111 co„

250 2241 257 2253 ‚
343 2156 439 2228 dicis
464 2171 664 2228 accuratam
679 2151 850 2226 notitiam
871 2175 958 2224 cum
973 2152 1169 2249 specimine
1192 2160 1324 2254 pediu,

294 2261 298 2269 ¹
345 2279 503 2352 maniter
517 2300 558 2349 ac
576 2276 742 2349 benevole
758 2275 877 2361 adme
893 2275 1001 2355 milit.
1064 2277 1169 2351 Alter
1183 2281 1325 2354 charta„

343 2427 427 2480 ceus
441 2404 503 2492 est,
518 2402 667 2499 pulchre
681 2420 853 2490 exaratus,
876 2402 936 2486 sed
961 2427 1090 2500 parum
1116 2405 1233 2500 docte,
1251 2409 1324 2484 Bu,-

339 2528 464 2615 colica,
489 2525 681 2621 Georgica,
705 2543 741 2608 et
770 2523 964 2599 AEneidem
992 2530 1213 2624 complexus,
1237 2533 1322 2607 sub.-

335 2653 443 2755 jeffis
459 2649 549 2733 inter
565 2649 700 2747 Georg,
718 2667 754 2721 et
770 2649 855 2726 AEn.
875 2652 980 2723 variis
999 2650 1223 2747 po'e'matibus
1248 2663 1320 2732 mi.

340 2775 486 2853 notibus
512 2794 547 2848 et
572 2771 761 2857 catalecta.
818 2773 892 2846 Sub
921 2773 1182 2872 Georgicorum
1208 2784 1319 2857 finem

337 2901 587 2978 subnotatum:
605 2901 676 2972 laus
688 2899 743 2970 deo
767 2899 926 2971 Henrr'cus
939 2899 1038 2995 Hopfi
1069 2925 1162 3001 1454
1183 2911 1226 2981 ad
1244 2913 1320 2983 cal.

338 3049 418 3101 cem
445 3023 631 3096 AEneidis:
663 3024 696 3094 h.
721 3024 754 3096 b.
780 3024 831 3094 ich
851 3038 941 3095 wart
964 3025 1023 3095 der
1041 3023 1115 3098 Zeit
1137 3049 1241 3123 1454,
1273 3035 1320 3117 ad

337 3153 447 3226 finem
458 3169 581 3231 autem
594 3148 973 3242 Cataleelorum1450.
1025 3149 1129 3222 Alter
1141 3154 1322 3229 membra.

338 3298 464 3348 nactus
489 3271 599 3345 estin
626 3269 741 3343 forma
759 3268 927 3366 oblonga,
962 3269 1153 3346 AEneidem
1177 3294 1318 3352 tantum

337 3399 536 3487 continens,
560 3394 675 3493 spatio
696 3394 788 3466 inter
808 3394 916 3467 lineas
934 3411 968 3464 et
987 3395 1147 3492 margine
1164 3395 1319 3489 scholiis,

337 3523 399 3599 sed
413 3519 618 3620 vulgaribus
635 3536 669 3590 et
680 3515 825 3615 jejunis,
849 3536 1036 3613 occupato.
1089 3520 1319 3602 Membranas

336 3649 456 3722 multo
480 3646 540 3720 usu
566 3645 703 3718 attritas
731 3642 797 3716 esse
824 3661 859 3715 et
887 3642 1045 3716 sordidas
1074 3649 1234 3720 narrabat
1261 3652 1317 3725 vir

334 3773 565 3860 doetiffimus,
589 3772 638 3842 ita
653 3787 694 3842 ut
706 3771 815 3841 etiam
831 3767 1075 3864 suspicaretur,
1090 3771 1166 3845 ludi
1185 3775 1318 3872 magis.

334 3899 379 3974 tri
405 3896 557 3996 alicujus
585 3896 703 3969 usibus
729 3896 767 3968 id
791 3896 975 3991 exemplar
993 3896 1192 3975 inserviisse.
1217 3900 1317 3975 Prae-

333 4024 434 4098 milla
457 4021 508 4096 est
533 4018 810 4118 Pseudopindari
851 4018 1014 4109 Thebani
1036 4020 1204 4117 Epitome
1232 4023 1316 4095 Ho-

331 4149 435 4223 meri.

382 4271 577 4344 Pervenere
592 4273 637 4344 ab
655 4272 718 4345 illo
729 4273 814 4346 inde
830 4289 1004 4369 tempore,
1029 4269 1126 4366 quod
1144 4271 1181 4340 in
1197 4268 1316 4363 prima

331 4394 492 4468 cditione
513 4397 669 4492 paranda
691 4388 964 4482 consumserant,
989 4395 1034 4466 ad
1052 4417 1111 4464 me
1127 4392 1317 4463 nonnullo-

330 4543 412 4597 rum
427 4520 601 4610 codicum
615 4523 767 4616 notitiae,
783 4524 942 4611 vitorum
957 4520 1146 4607 dociocum
1162 4540 1216 4589 res
1233 4514 1316 4597 nos-

1243 4655 1314 4709 tras
