3575 5509
583 700 777 798 NOVAE
805 694 1155 792 EDITIONIS.
1255 733 1361 796 xxix

375 932 497 1048 pudet
529 928 572 1010 in
608 923 671 1006 his
688 949 860 1039 operam
897 918 1123 1002 consumere
1136 957 1151 1013 3
1173 946 1270 1030 ,quae
1290 953 1363 1033 ap·

375 1068 508 1183 posui,
536 1090 581 1144 ea
612 1061 660 1143 de
696 1056 820 1139 caussa
855 1053 1052 1137 monenda
1086 1054 1211 1152 suere,
1239 1076 1284 1139 ut
1310 1085 1363 1142 ex

378 1206 517 1291 caussis
551 1220 590 1281 et
617 1192 945 1278 rationibushaec
974 1194 1188 1303 dijudicare
1216 1195 1364 1278 discant

382 1336 558 1430 studiofi,
579 1333 891 1440 intelligantque,
920 1355 1000 1410 non
1021 1331 1195 1410 omnino
1220 1359 1266 1412 ea
1291 1333 1365 1418 effe

381 1469 672 1558 contemnenda
706 1494 778 1546 nec
809 1485 941 1547 tamen
983 1491 1218 1577 magnopere
1253 1496 1365 1552 com·

387 1611 622 1699 mendanda.

387 1804 392 1809 -
443 1752 579 1857 Multo
598 1744 788 1857 gravioris
807 1745 999 1824 momenti
1022 1769 1080 1826 res
1097 1744 1199 1830 mihi
1217 1742 1297 1830 visa
1313 1748 1369 1839 est
1464 1742 1467 1748 ’

385 1884 680 1996 interpunctio:
726 1907 805 1988 qua
833 1879 1040 1961 emendata
1075 1882 1158 1964 vidi
1192 1883 1369 1981 sexcenta

386 2028 473 2110 loca
506 2020 650 2101 melius
686 2015 869 2097 constitui
902 2015 1021 2125 posse,
1050 2047 1121 2097 nec
1153 2022 1371 2130 quicquam

394 2163 521 2271 magis
553 2158 600 2239 ab
623 2159 734 2237 omni
767 2158 920 2240 ratione
946 2176 984 2236 et
1016 2158 1179 2238 consilio
1198 2160 1371 2252 alienum

398 2301 485 2395 esse,
507 2329 627 2411 quam
645 2297 948 2407 interpungendi
968 2299 1158 2381 rationem
1177 2301 1219 2380 in
1238 2328 1374 2381 exem-

394 2436 566 2549 plaribus
587 2435 740 2543 scriptis
765 2453 802 2512 et
835 2434 876 2513 in
901 2430 1095 2545 plerisque
1112 2436 1244 2516 editis.
1301 2436 1374 2530 Li-

386 2574 552 2663 brorum
586 2572 721 2678 itaque
748 2569 954 2649 austeritas
986 2571 1028 2649 in
1060 2571 1376 2681 interpunctione

400 2710 565 2789 omnino
583 2705 656 2786 esse
673 2703 797 2814 potest
816 2706 937 2786 nulla.
997 2704 1086 2784 Nec
1103 2709 1297 2823 majorem
1316 2728 1376 2788 ta·

400 2873 495 2926 men
524 2868 655 2924 curam
675 2861 750 2924 ‘aut
780 2860 923 2921 certam
955 2843 1160 2936 rationem,
1187 2845 1378 2953 adquam

398 2985 735 3092 interpungerent‚
767 2999 923 3058 tenuere
942 2977 1123 3061 editores.
1180 2983 1311 3088 Atqui
1329 2981 1379 3062 ad

400 3117 643 3199 sententiam*
670 3113 984 3200 constituendam
1022 3133 1058 3192 et
1098 3116 1380 3223 expediendam

400 3254 443 3334 in
463 3255 645 3364 plurimis
664 3255 760 3335 locis
780 3281 899 3333 omne
931 3248 1126 3334 auxilium
1154 3249 1209 3330 est
1238 3281 1288 3334 ex
1319 3254 1387 3334 in.
1439 3324 1442 3329 .

404 3395 703 3501 terpundtionej
733 3411 776 3473 ut
794 3395 912 3474 altera
937 3419 987 3472 ex
1016 3412 1124 3501 parte
1143 3389 1296 3475 sensum
1319 3396 1385 3478 ni-

406 3528 611 3641 hilmegis
645 3531 772 3613 turbat
792 3561 914 3641 quam
942 3559 1059 3644 prava
1091 3532 1381 3642 interpunttio:

409 3669 734 3779 quandoquidem
761 3670 883 3782 hujus
929 3673 1026 3750 ratio
1062 3690 1101 3750 et
1143 3674 1385 3787 principium

408 3807 665 3913 quaerendum
685 3807 798 3885 estin
816 3806 906 3900 hoc,
935 3829 979 3887 ut
996 3804 1133 3888 etaete
1161 3807 1393 3918 respondeat.

406 3942 475 4030 illa
508 3945 789 4025 enuntiationis
825 3943 998 4053 partibus
1033 3972 1126 4056 cum
1174 3949 1390 4058 majoribus

409 4098 496 4158 tum
524 4082 784 4174 minoribus3
816 4111 898 4192 quo
934 4083 1074 4163 eodem
1111 4086 1232 4166 modo
1269 4088 1389 4173 etiam

372 4281 375 4287 .
409 4221 684 4327 pronuntiatio
696 4232 877 4330 regatur3
905 4227 948 4302 ut
978 4221 1073 4301 adeo
1103 4214 1229 4303 unum
1262 4224 1391 4304 idem-

411 4377 504 4460 que,
519 4353 564 4434 s1t
598 4359 713 4436 redte
732 4360 918 4468 cogitare·
933 4360 1104 4441 'recitare
1136 4379 1174 4439 et
1194 4353 1361 4442 ⁴scribere
1377 4398 1391 4450 ς

411 4487 615 4573 ὥίὶὶηᾶἰο
643 4497 767 4576 enim·
778 4495 881 4607 justa
914 4497 1108 4608 interponi
1136 4528 1215 4579 non
1251 4496 1393 4607 potest,

1323 4629 1396 4712 nisi

1393 4728 1493 4856 Ι
