3575 5509
394 633 475 797 git
550 649 602 778 9.
633 627 921 821 νμῦῆη
954 663 1255 749 Minoum

401 843 487 963 flet
500 791 848 970 „mamillhtliqbe
865 819 1202 953 ledeiilmilerabile
1217 874 1368 938 carmen
1400 865 1402 872 '

331 1016 334 1020 ’
402 975 572 1113 ΙηῑεςΙαζ
583 979 634 1085 ἰεἰ
645 1008 782 1083 -maestis
795 1010 866 1079 late
883 1006 962 1079 loca
978 1006 1155 1103 questibus
1169 1001 1294 1099 inplet.
1319 1017 1360 1118 gr
1369 1015 1393 1093 ς

402 1135 515 1231 hlulla
530 1149 661 1235 Venus,
685 1170 756 1220 non
774 1145 838 1234 ulli
853 1143 1017 1215 animum
1030 1142 1158 1213 flexere
1174 1135 1395 1233 Hymenaei.

402 1286 508 1362 Solus
526 1283 779 1381 Hyperboreas
795 1279 927 1378 glacies
945 1277 1167 1372 Tanaimque
1185 1271 1347 1345 nivalem

358 1398 361 1402 ¹
403 1422 573 1519 Arvaque
591 1420 751 1520 Rhipaeis
765 1440 961 1511 numquam
978 1415 1121 1486 viduata
1139 1408 1278 1506 pruinis

404 1556 604 1645 Lustrabat,
629 1568 768 1647 raptam
787 1547 990 1641 Eurydicen
1006 1567 1115 1645 atque
1134 1549 1241 1619 inrita
1257 1547 1357 1620 Ditis

405 1696 513 1777 Dona
535 1712 697 1787 querens.
765 1686 903 1791 Spretae
936 1684 1113 1767 Ciconum
1145 1710 1218 1793 quo
1244 1709 1398 1767 munere

555 1829 697 1921 matres,
1319 1843 1395 1928 520

439 1990 499 2039 514.
517 1995 688 2041 ramoquecanens
700 1989 761 2044 unua
772 1973 855 2029 Meadr
888 1974 1015 2023 lacrimabile
1032 1975 1218 2035 Ven,·,-·-515.
1232 1984 1254 2022 et
1268 1976 1339 2041 maeslis
1354 1975 1398 2020 loca

403 2056 505 2136 proxima
526 2054 585 2119 quast.
605 2052 692 2118 fragm.
714 2053 806 2099 Moret.
835 2054 879 2099 locu
894 2054 936 2098 late
956 2050 1063 2107 Parrhal}
1083 2063 1107 2099 et
1131 2050 1205 2098 Goth.
1222 2066 1259 2123 pr.
1292 2054 1338 2097 loca
1351 2061 1398 2098 tunc

406 2151 452 2179 cum
465 2130 561 2179 Zulich.
593 2130 699 2195 Vulgata
721 2130 746 2177 in
765 2129 802 2185 his
824 2128 928 2177 verllbus
946 2128 1101 2177 confirmatur
1117 2129 1190 2184 leobio
1211 2146 1239 2177 ex
1259 2129 1400 2184 imitatione

407 2207 569 2256 Grammatici
579 2207 680 2272 alicujus
689 2206 715 2253 in
728 2204 828 2253 Anthol.
840 2207 896 2253 Lat.
907 2205 990 2269 Epigr.
1003 2205 1045 2253 lib.
1057 2208 1088 2265 lt,
1098 2205 1155 2266 368,
1165 2219 1187 2268 3.
1199 2221 1225 2263 4,
1240 2205 1282 2253 ubi
1292 2206 1324 2253 cf.
1336 2209 1398 2254 Bur·

407 2297 558 2333 mann.--·
559 2283 613 2346 516.
631 2301 669 2327 non
681 2284 718 2328 ulli
729 2284 867 2330 Romanum
878 2296 934 2332 cum
944 2280 1042 2343 optimis
1053 2280 1177 2338 Pierianis,
1189 2279 1328 2340 Mediceum
1340 2296 1398 2329 cum

406 2360 553 2408 'melioribus
566 2356 699 2406 Heinlianis
708 2355 851 2420 fidejussores
861 2356 942 2417 habet,
953 2356 1033 2421 itaque
1044 2358 1148 2420 reposuit
1160 2355 1279 2414 Helufiue.
1310 2356 1398 2420 Vulgo

410 2434 500 2499 ubique
514 2433 623 2483 editum:
641 2435 728 2495 nullique
742 2420 841 2488 animum.
875 2432 930 2481 Sine
946 2432 1031 2497 copula
1047 2436 1100 2478 nulli
1109 2436 1208 2489 animum,
1225 2431 1318 2489 Fabric,
1332 2432 1400 2488 esuo

412 2513 467 2562 cod.
480 2513 612 2578 probabat3
629 2511 721 2558 editum
737 2511 851 2579 nusquam
863 2511 956 2575 reperio
965 2504 981 2570 ;.
1000 2510 1039 2561 sed
1051 2510 1164 2566 exhibent
1178 2509 1239 2557 illud
1250 2510 1319 2558 codd.
1333 2512 1398 2570 ch,

410 2587 479 2634 Vols.
490 2588 533 2634 sec.
549 2585 655 2634 Parrhas.
665 2586 734 2635 Leid.
749 2587 822 2635 Goth.
832 2586 885 2646 sec„
900 2586 967 2635 hiatu
979 2602 1028 2634 non
1036 2586 1140 2652 ingrato.
1172 2586 1361 2635 Emendationea
1373 2587 1399 2639 in

408 2662 479 2713 obn.
501 2664 573 2725 Mil'c.
591 2661 647 2710 Vol.
664 2665 683 2717 Ι,
699 2679 752 2728 pag.
772 2677 787 2725 5
809 2674 833 2713 et
845 2663 874 2712 81
887 2664 976 2716 referre
987 2679 1036 2711 non
1048 2675 1248 2724 vacat.-—-517.
1269 2662 1401 2729 Tanaimque

410 2738 462 2798 alli,
478 2750 502 2789 et
514 2740 568 2787 edd.
581 2750 636 2787 ante
648 2738 729 2787 Heius.
764 2761 814 2787 caua
819 2745 906 2807 jamque
916 2739 1146 2799 Romam—518.
1163 2741 1270 2803 Ripbaer's,
1286 2742 1401 2805 Rypbaeir‚
1422 2789 1424 2793 ,

410 2817 483 2866 multi
502 2817 576 2865 ethic
594 2815 706 2865 scribunt.
724 2817 771 2865 vld.
786 2818 816 2864 ad
828 2820 846 2874 I,
858 2830 1037 2876 240.--520.
1056 2818 1139 2882 Spretae
1152 2817 1245 2863 Ciconum
1265 2836 1306 2879 quo
1316 2836 1399 2864 munere

410 2904 497 2952 matres.
532 2898 619 2942 Locum
632 2893 695 2939 hunc
710 2895 782 2940 variis
793 2894 871 2941 modia
890 2905 915 2941 et
930 2893 1016 2942 iterata
1026 2894 1078 2941 vice
1089 2904 1219 2952 tentatum,
1235 2904 1269 2951 et,
1286 2904 1313 2941 ut
1323 2894 1400 2942 inter-

412 2970 473 3019 dum
492 2970 614 3034 putabam,
630 2970 731 3017 feliciter
752 2972 902 3034 expeditum,
917 2973 1012 3034 quoties
1033 2971 1122 3018 iterum
1143 2970 1232 3028 accelli,
1247 2971 1321 3032 toties
1340 2969 1400 3033 senfl
1421 3026 1425 3035 Ι

413 3047 541 3094 commode
553 3046 669 3099 enucleari
686 3064 732 3093 non
746 3046 817 3110 polle.
849 3047 873 3094 si
885 3048 958 3095 verba
976 3063 1021 3111 pro
1032 3047 1092 3095 sanis
1102 3047 1244 3103 habeantur,
1261 3062 1316 3109 quae
1336 3046 1400 3093 inter

414 3121 505 3171 multas
517 3122 573 3170 aliae
584 3121 644 3169 mihi
657 3124 705 3169 visa
717 3123 750 3171 est
766 3124 868 3171 maxime
883 3123 1015 3171 tolerabilis
1025 3123 1200 3187 interpretatio,
1215 3138 1270 3169 eam
1290 3122 1315 3169 in
1328 3122 1402 3171 Notis

415 3197 513 3261 subjeci.
548 3200 570 3245 A
582 3200 653 3262 poeta
664 3210 745 3245 tamen
761 3200 856 3247 versum
871 3211 922 3247 tam
934 3192 1041 3247 scabrum
1053 3211 1076 3247 et
1090 3199 1233 3247 sententiam
1249 3210 1301 3247 tam
1313 3214 1401 3262 parum

415 3274 569 3323 commodam
580 3272 696 3338 proficisci
708 3274 807 3338 potuisse
816 3276 881 3323 haud
891 3276 972 3324 credo.
1006 3279 1099 3331 Interea
1110 3290 1159 3321 non
1171 3274 1253 3322 minus
1263 3273 1356 3325 lubrica
1368 3276 1403 3324 ett

418 3350 499 3398 omnis
509 3350 655 3412 conjectura,
669 3351 862 3414 quandoquidem
874 3351 953 3399 nullus
963 3351 1017 3399 satis
1027 3352 1126 3398 idoneus
1140 3349 1172 3396 eil
1185 3350 1280 3406 fundus,
1297 3350 1335 3397 cui
1346 3367 1402 3400 eam

414 3425 574 3489 superstrua53
599 3426 692 3472 nullum
703 3438 784 3473 autem
795 3428 887 3490 pondus
898 3427 985 3475 habere
995 3425 1071 3491 potest
1084 3426 1230 3483 emendatio,
1245 3426 1274 3472 de
1287 3441 1335 3488 qua
1345 3444 1404 3490 pro·

416 3501 530 3551 nunties:
549 3500 650 3567 potuillc
661 3500 724 3549 forte
736 3501 770 3550 ita
780 3502 862 3561 scrihi;
879 3501 942 3567 polle
954 3515 1035 3554 tamen
1046 3501 1126 3549 etalio
1136 3501 1209 3564 modo
1220 3502 1335 3566 scriptum
1347 3503 1402 3554 effe.

1296 3578 1418 3635 Videndi‘

415 3679 659 3764 Praeiveratautem
669 3684 771 3744 Catuli.
787 3686 833 3763 56,
852 3705 883 3758 13
934 3686 1083 3744 Thraciam
1096 3703 1244 3743 memorare
1261 3681 1351 3744 voluit
1370 3703 1413 3741 ac2

369 3762 375 3780 ¹
417 3759 566 3833 Qolissub
579 3766 654 3838 densa
667 3785 789 3820 ramorum
809 3769 886 3820 conci·
934 3764 1047 3821 debuit:
1079 3785 1152 3821 nunc
1173 3782 1220 3839 per
1235 3774 1322 3818 totam
1336 3761 1406 3834 Scy-

418 3836 554 3894 nitzonlro
569 3837 693 3897 Daulias.
735 3858 800 3917 514,
820 3850 855 3896 mi
864 3866 888 3897 e·
936 3841 1021 3898 thiam
1034 3855 1147 3919 vagatur
1158 3839 1291 3917 Orpheae.
1332 3836 1407 3909 Sane

419 3911 502 3969 rabile
515 3934 611 3976 catomo
626 3916 760 4002 [ntegrum
790 3916 888 3984 iterat3
937 3919 1101 3995 antiquiores
1127 3924 1213 3995 poetae
1236 3911 1342 3992 quoties
1368 3914 1408 3985 de

419 3988 474 4045 hoc
488 3987 596 4065 quidem
615 3990 719 4046 suavius
734 3992 886 4050 Homerus:
936 3994 1091 4062 borealibus
1104 3996 1189 4072 plagis
1201 3993 1325 4069 agebant,
1338 4010 1407 4120 {eo-

412 4067 482 4123 ”Ητε
495 4068 570 4137 θαμὰ
591 4073 717 4141 τρωπῶσα
732 4075 785 4142 χέει
799 4086 889 4132 archoo-
935 4072 1055 4147 graphia}
1067 4071 1236 4148 ignoratione
1246 4066 1336 4145 promi
1347 4084 1405 4133 cue

420 4148 477 4218 χέα
503 4147 585 4218 φωνήν·
605 4143 651 4207 ulti
670 4143 780 4202 variatis
794 4149 890 4204 'modu-
934 4150 1100 4219 Thraciam,
1120 4146 1268 4222 Scythiam,
1288 4141 1406 4219 Hypet-

418 4220 528 4292 lationis
541 4223 644 4279 'colores
662 4218 791 4298 exprell'os
804 4223 888 4282 vides.
937 4226 1032 4284 boreos
1068 4219 1280 4290 memorabant„
1337 4220 1410 4286 Alia

463 4319 529 4376 517·
553 4302 617 4375 5¹8·
638 4296 810 4376 prerboreas
827 4300 889 4376 gla-
958 4301 1046 4359 uaestio
1058 4304 1104 4369 cll,
1124 4323 1157 4359 an
1170 4302 1262 4357 eadem
1278 4295 1420 4372 Virgilio.

419 4380 466 4439 cies
480 4396 505 4431 v.
520 4375 575 4432 Ge.
589 4374 642 4444 ΙΙΙ,
660 4380 722 4452 196.
755 4374 887 4431 Caeterum
935 4322 1029 4434 leuari
1054 4391 1081 4435 et
1102 4399 1156 4435 uno
1181 4379 1244 4435 loco
1265 4373 1408 4446 cumulare¹

420 4448 451 4513 in
474 4450 515 4508 his
535 4458 621 4525 taneta?
645 4451 783 4529 ingenium
797 4453 887 4529 paullo
936 4453 1043 4511 licebat.
1072 4475 1134 4533 5²0·
1146 4481 1191 4535 quo
1202 4474 1309 4512 munere.
1331 4450 1411 4516 Cum

420 4525 544 4602 licentius
556 4528 703 4604 efferbuisse
722 4528 886 4606 dicendum:
936 4529 986 4627 ipfi
1006 4531 1072 4595 libri
1093 4556 1139 4618 quo
1162 4554 1259 4608 munere
1279 4541 1410 4698 ϊυθῖὓξὲῑ
1497 4600 1500 4609 ,

1100 4622 1103 4629 ’
1344 4622 1414 4684 ΙΝ
