3575 5509
527 737 531 794 ξ
565 716 968 808 GEORGICON,
1008 716 1224 793 LIB..IV.·
1307 729 1412 814 iri*

391 922 619 1013 Admiranda
633 920 705 995 tibi
722 917 856 991 levium
873 912 1073 1010 spectacula
1087 899 1218 998 rerum,

399 1059 725 1164 Magnanimosque
741 1055 860 1143 duces,
877 1048 1204 1145 totiusqueo'rdiue
1217 1047 1337 1145 gentis

432 1264 576 1329 :timidule
597 1278 666 1311 rerum
677 1258 739 1307 alter
755 1255 855 1315 Moror„
864 1251 927 1302 sorte
943 1267 972 1300 ex
982 1265 1007 1299 v.
1017 1262 1162 1310 441.--4.·
1172 1250 1271 1317 totiusque
1281 1266 1308 1300 ex
1315 1249 1385 1299 ordine

403 1343 505 1410 plurimi
523 1341 622 1397 babent,
640 1335 721 1401 scripti
732 1347 756 1385 et
771 1333 839 1391 editi,
854 1332 928 1381 etiam
939 1328 1033 1379 Medic.
1064 1329 1131 1377 Tam
1147 1342 1233 1408 parum
1245 1328 1335 1391 peritos
1350 1330 1386 1377 rei

402 1420 511 1470 metricae
523 1416 575 1481 quie
586 1414 666 1464 credat
678 1410 847 1478 grammaticos
858 1420 882 1457 et
893 1403 1019 1457 librarios?
1051 1407 1088 1453 At
1099 1403 1164 1451 recle
1176 1402 1293 1467 particula
1306 1414 1386 1454 metro

401 1495 506 1556 inimica
522 1493 609 1543 exsulat
621 1508 650 1540 ex
661 1481 773 1539 Romset
785 1487 837 1536 aliis
847 1483 997 1534 melioribus:
1028 1480 1127 1530 Mederi
1141 1479 1217 1529 voluit
1234 1479 1295 1529 vitio
1305 1491 1386 1546 quart.

397 1567 493 1628 Mutet.
506 1566 862 1644 tatasqoeexordlnavenetut:
884 1564 997 1629 toriqueex
1010 1560 1087 1609 ordirer
1270 1570 1272 1573 ·
1330 1576 1332 1579 ·

393 1727 512 1815 apellat
542 1730 606 1803 mel,
633 1727 673 1793 cs.
698 1725 771 1793 Plin.
794 1731 815 1788 l.
843 1730 863 1789 l.
916 1730 1016 1787 serunt.
1055 1723 1140 1787 Po'e'ta
1158 1728 1386 1808 autempraeclare

392 1756 533 1871 (laterum
547 1813 582 1869 ab
594 1811 677 1869 initio
687 1810 775 1867 statim
787 1806 867 1883 hujus
916 1805 960 1863 his
982 1802 1114 1883 praesrdiis
1134 1805 1194 1863 usuc
1219 1806 1272 1875 est;
1305 1805 1387 1865 habet

396 1889 465 1949 libri
485 1888 663 1947 adolescentes
689 1886 724 1943 ad
746 1887 802 1942 duo
825 1898 867 1941 at·
916 1883 990 1975 cninp
1008 1881 1141 1970 insignem
1160 1882 1194 1940 ad
1208 1884 1386 1943 auimosnos·

325 2019 335 2030 .
397 1968 522 2036 tendant,
533 1966 652 2044 primum
664 1963 697 2020 ad
719 1960 867 2019 artificium
917 1973 973 2017 tros
998 1958 1166 2026 suavitatem,
1192 1961 1212 2020 li
1236 1963 1386 2021 nostrorum

397 2063 455 2102 rem
468 2058 575 2101 tenuem
587 2055 615 2097 et
625 2039 726 2104 exilem
738 2033 868 2115 imagini·
917 2056 1023 2098 morum
1040 2055 1072 2094 ac
1091 2037 1265 2097 confiliorum
1286 2039 1389 2120 imagi.

397 2121 450 2178 bus
475 2140 539 2178 cum
570 2117 655 2195 gratis
679 2132 706 2174 et
730 2113 868 2193 jucundis,
917 2134 980 2172 nem
1002 2112 1032 2171 in
1054 2111 1114 2171 aliis
1135 2115 1317 2175 animantibus
1336 2120 1386 2177 ad·

386 2200 458 2254 “tum
490 2194 623 2273 praeclaris
651 2207 678 2251 et
706 2190 881 2272 magnificis,
918 2191 1072 2248 umbratum
1096 2189 1245 2253 videamus.
1298 2195 1389 2256 Totus

400 2273 455 2333 fine
468 2273 560 2351 inepto
579 2285 668 2329 tamen
682 2271 760 2339 fastu,
772 2290 869 2328 ornan·
918 2273 1007 2326 aulem
1018 2268 1065 2326 hic
1074 2269 1109 2326 de
1121 2267 1217 2347 apibus
1228 2272 1303 2331 locus
1318 2274 1389 2332 mul·

376 2350 448 2419 rdi3
468 2350 567 2409 deinde
586 2348 621 2406 ad
639 2347 820 2405 calliditatem
840 2347 870 2404 in
919 2344 955 2403 tis
967 2344 1093 2403 illustrari
1112 2349 1196 2421 potest
1244 2350 1387 2410 stVarro-

399 2425 680 2485 inferendavarietat'e
693 2445 725 2483 ac
742 2422 822 2503 copia
838 2424 868 2482 in
918 2441 982 2480 nem
1003 2422 1058 2489 ΠΙ,
1088 2423 1134 2491 16,
1162 2445 1199 2483 un
1219 2438 1234 2483 e
1258 2428 1333 2517 plera
1354 2422 1391 2489 nb
1472 2425 1473 2429 ’

400 2506 590 2585 argumentum
626 2502 730 2560 uamvis
743 2502 867 2577 jejunum
916 2499 1015 2567 sumta,
1028 2520 1063 2559 ex
1073 2499 1235 2560 Columella
1244 2505 1317 2563 lrbro
1330 2451 1387 2579 iis,

396 2596 426 2639 et
437 2582 521 2650 exile,
540 2524 667 2659 quorium
680 2579 799 2637 maxime
811 2577 870 2656 epi·
918 2576 979 2653 qui,
998 2577 1065 2635 dum
1085 2576 1125 2634 de
1143 2598 1224 2657 apum
1245 2582 1313 2640 disci
1332 2584 1390 2644 lina

400 2659 538 2717 sodiorum
551 2676 614 2736 opes
634 2656 739 2717 referas.
778 2655 868 2713 Orna-
917 2653 1015 2721 tradit,
1026 2668 1122 2733 prater
1132 2656 1243 2715 Celsum
1255 2675 1282 2717 et
1326 2663 1389 2740 ygi.

399 2749 460 2793 tum
491 2733 600 2813 quidem
642 2752 674 2791 ac
712 2730 869 2791 varietatem
918 2750 1122 2807 num‚quorum
1136 2731 1286 2794 librinuuc
1303 2737 1388 2798 inter.

401 2811 519 2871 maxime
532 2810 656 2871 modoab
665 2811 798 2888 majorum
811 2810 870 2867 ani·
919 2806 1055 2877 ciderunt,
1083 2808 1236 2886 Virgilium
1264 2813 1390 2891 sequutus

401 2889 547 2956 manlium,
588 2889 704 2947 crudum
722 2901 750 2945 et
765 2906 870 2946 armeu-
918 2885 964 2943 est.
985 2885 1067 2943 Adde
1081 2886 1192 2945 Aristut.
1206 2889 1279 2949 Hist.
1291 2893 1388 2956 Anim.

402 2983 505 3033 torum,
519 2911 602 3023 mbio
616 2955 650 3023 ab
665 2964 809 3023 hominum
829 2975 870 3021 at·
920 2961 960 3029 V,
971 2980 1096 3030 20-22,
1106 2964 1200 3030 etIX,
1210 2982 1304 3043 40;,et
1316 2971 1391 3034 hunc

401 3045 525 3113 tributis,
538 3041 671 3120 imprimis
691 3041 736 3110 iis,
755 3041 871 3120 petitum
920 3040 1001 3117 poe'ta
1014 3040 1081 3171 sppe
1093 3041 1128 3097 ad
1138 3042 1390 3124 verbumexpreffit.

401 3121 517 3190 videbis,
535 3140 595 3199 quae
613 3121 737 3178 humana
762 3117 825 3176 vitae
843 3134 871 3177 et
923 3116 992 3174 Plin.
1059 3116 1084 3183 I,
1117 3136 1220 3179 1—20.
1261 3123 1391 3202 Geopon.

358 3205 361 3212 ’
402 3198 545 3257 hominum
559 3196 680 3257 societati
693 3216 725 3255 ac
740 3198 870 3274 conjunc·
922 3192 993 3251 XV.
1017 3192 1293 3276 Pallad.1‚37-39.
1327 3202 1390 3261 Plu.

402 3275 486 3342 tiuni,
512 3277 589 3334 rebus
612 3274 729 3354 publicis
753 3274 822 3331 adeo
844 3287 879 3332 et‘
922 3290 963 3329 rer
979 3270 1132 3349 scriptores,
1156 3275 1204 3350 qui
1217 3296 1289 3335 nunc
1309 3278 1392 3339 inter·

403 3350 580 3418 exercitibus,
592 3352 700 3433 propria
714 3352 764 3411 elle
776 3351 871 3409 videu-
922 3350 1058 3415 ciderunt,
1081 3350 1182 3408 Plinius
1210 3354 1391 3417 adhibuerat:

404 3443 466 3487 tut:
487 3430 647 3498 inicienda,
666 3432 741 3498 aedes,
756 3445 871 3507 penates,
923 3449 951 3485 v,
962 3427 1024 3485 Iud.
1034 3425 1101 3484 libri
1114 3427 1171 3499 XI,
1184 3429 1213 3488 in
1223 3431 1266 3490 his
1276 3432 1330 3493 suit
1342 3430 1392 3495 tlo'-

403 3507 458 3574 Iar,
470 3503 589 3574 thalami,
607 3505 744 3572 cunabula,
754 3506 896 3586 stabula„
923 3504 979 3563 bile
997 3522 1097 3563 nomen
1124 3507 1319 3580 Aristomachi,
1334 3516 1394 3592 'qui

404 3586 504 3663 oppida,
517 3582 588 3651 urbs,
607 3581 682 3648 aula,
701 3604 793 3660 regna,
801 3598 872 3714 prae·
922 3583 1113 3658 μελιττεςγικᾶ
1128 3582 1274 3663 scripserat.
1320 3590 1393 3651 Eum

405 3666 482 3728 toria,
490 3658 794 3739 porraeetaliaarcellita
813 3673 872 3727 unt,
923 3673 1014 3717 tamen
1038 3660 1193 3719 Columella
1225 3677 1329 3725 tantum
1358 3689 1393 3727 ex

404 3754 521 3817 quorum
532 3737 643 3814 quidem
655 3733 732 3791 usum
746 3735 802 3813 ipsa
815 3736 875 3813 sup·
926 3736 1044 3813 Hygino
1052 3737 1144 3794 laudat
1153 3737 1209 3804 IX,
1222 3759 1267 3817 13,
1279 3748 1305 3803 8.
1319 3745 1393 3804 Tam

405 3813 541 3893 peditavit
575 3810 698 3889 vulgaris
733 3811 875 3870 hominum
924 3832 1020 3890 parum
1039 3813 1162 3890 frequens
1181 3815 1234 3873 suit
1251 3821 1309 3895 jam
1334 3835 1393 3880 tum

405 3892 488 3960 rati0‚
506 3890 572 3948 dum
593 3887 803 3965 intelligentiam
828 3906 874 3946 nc·
923 3906 980 3947 tam
993 3889 1060 3946 clari
1071 3890 1209 3968 scriptoris
1217 3896 1308 3955 leclio.
1322 3898 1394 3956 Ima-

405 3969 462 4027 scio
480 3987 562 4057 quam
579 3981 607 4024 et
627 3964 771 4023 sollertiam
794 3985 874 4043 apum
943 3967 1026 4044 oejus
1038 3964 1068 4024 in
1079 3986 1187 4045 genum
1203 3972 1394 4035 circumfertur

406 4045 436 4104 in
455 4043 524 4102 emis
543 4043 678 4108 tribuunt,
697 4062 810 4120 eamque
822 4042 875 4100 mi·
924 3987 1028 4122 iculpta
1047 4047 1103 4123 (ap.
1123 4047 1237 4183 Agplini
1255 4049 1286 4106 P.
1309 4049 1351 4119 ΙΙ,
1372 4064 1393 4110 t.
1494 4091 1497 4099 .

406 4066 583 4180 riicisrerum
594 4120 876 4188 miraculiscxornant‚
924 4141 973 4199 97.
1011 4122 1145 4257 MppbiP.
1176 4139 1219 4193 ,t.
1231 4127 1326 4204 57),a
1342 4148 1393 4186 cu.

406 4213 433 4257 et
446 4221 507 4277 quae
519 4199 572 4256 illae
590 4198 700 4255 occulto
720 4198 812 4275 aliquo
830 4217 876 4255 na·
921 4200 966 4275 jus
1000 4197 1049 4257 sm
1073 4199 1179 4259 'tudine
1210 4217 1342 4260 marmor·
1358 4224 1393 4264 eo

406 4277 567 4335 turaedullu
587 4290 614 4333 et
634 4274 671 4331 im
692 4290 748 4344 etu,
768 4274 802 4332 de
841 4295 876 4333 uo
924 4275 1037 4335 nomine
1055 4279 1217 4355 appellatum
1234 4278 1309 4335 Mus.
1322 4282 1393 4363 Cap.

407 4354 530 4423 mortalis
549 4372 623 4410 mens
641 4295 711 4409 nillil
731 4353 799 4410 certi
821 4297 875 4411 ia·
926 4353 952 4424 Ι,
986 4377 1015 4434 9.
1053 4354 1118 4422 Sed,
1130 4353 1194 4431 quia
1211 4374 1242 4411 ea
1255 4355 1285 4412 iu
1292 4361 1395 4444 proeli-

405 4445 480 4489 tuere
506 4430 602 4507 potest,
627 4428 743 4495 faciunt,
768 4429 804 4487 ad
824 4450 875 4489 vo·
925 4432 954 4489 vi
965 4374 1026 4490 iunt
1035 4431 1172 4499 omuibus,
1180 4446 1208 4489 et
1217 4450 1394 4509 quomamea,
1420 4495 1422 4500 ,

407 4508 537 4568 luntatem
562 4521 589 4563 et
610 4506 793 4583 prudentiam,
821 4506 877 4566 vir-
914 4528 988 4585 vquae
1018 4530 1034 4567 e
1066 4508 1228 4585 quotidiano
1253 4510 1396 4573 hominum

408 4601 499 4647 tutem
515 4583 601 4645 animi
626 4602 657 4640 ac
676 4582 817 4663 pietatem,
836 4602 876 4645 re·
926 4583 975 4643 usu
997 4598 1064 4644 nota
1082 4584 1155 4654 suut,
1174 4587 1332 4650 ausloritate
1350 4607 1395 4648 ve.

1308 4681 1395 4730 tetum
