3575 5509
396 684 465 741 202
657 651 1199 742 PROOEMIU'M‘

395 867 499 942 sacile
515 864 647 954 rideas,
670 864 760 940 dum
782 865 873 937 hanc
893 862 1006 962 ipsam
1025 863 1180 960 copiam,
1205 863 1310 939 hunc
1329 887 1406 944 tar-'3

393 1012 518 1066 natum
544 1013 662 1064 rerum
678 990 840 1062 tenuium
863 1007 899 1060 et
922 989 1081 1075 exilium,
1115 988 1159 1058 ad
1188 989 1402 1084 reprehem

393 1116 529 1189 sionem
545 1113 714 1188 carminis
729 1114 887 1186 traxerit.
939 1109 1006 1185 Sed
1018 1109 1152 1208 judicii
1170 1111 1278 1208 hujus
1296 1135 1386 1185 auc-

394 1240 576 1314 toritatem
597 1240 676 1339 jam
702 1238 784 1312 satis
812 1241 883 1311 alio
909 1238 1064 1337 ejusdem
1092 1238 1162 1310 viri
1179 1239 1276 1310 dosii
1293 1261 1399 1311 acu-·

395 1365 494 1438 mine
511 1365 683 1437 elevatam
700 1364 877 1450 dabimus,
902 1387 986 1436 curn
1013 1363 1108 1434 idern
1128 1357 1189 1434 ille
1209 1363 1244 1433 in
1262 1362 1381 1436 Buco-

395 1488 476 1562 licis
491 1489 667 1563 summam
685 1489 951 1584 simplicitatem
983 1507 1019 1561 et
1034 1488 1278 1560 humilitatem
1294 1489 1380 1561 vitae

395 1635 437 1684 ac
454 1634 598 1685 morum
613 1637 633 1682 a
650 1610 805 1709 Virgilio
816 1611 1010 1707 expressam
1025 1610 1178 1696 dixerim
1193 1604 1281 1709 ¹quo
1293 1611 1379 1708 quid

394 1761 418 1808 a
431 1759 549 1808 rerum
564 1734 635 1806 fide
652 1757 693 1806 ac
710 1733 808 1806 sensu
825 1732 974 1805 alienius
990 1734 1103 1807 afferri
1121 1736 1248 1831 possit?
1275 1738 1380 1808 Atu-

396 1885 497 1934 more
512 1885 554 1933 ac
578 1861 711 1957 frigore
726 1876 787 1930 aut
802 1858 925 1954 inepto
941 1859 1060 1954 aliquo
1080 1858 1197 1930 studio
1212 1882 1254 1930 ac
1271 1862 1380 1933 nimia

394 1986 580 2061 sedulitate
598 1963 776 2082 Georgica
804 2009 927 2057 vacare
952 1985 1377 2074 confidentur-affirmem,
1415 2003 1420 2016 ¹

395 2112 458 2207 qui
483 2109 617 2207 alioqui
639 2135 712 2182 non
730 2109 841 2181 multa
866 2131 927 2190 me
951 2126 1048 2181 certo
1063 2125 1182 2180 tenere
1206 2109 1378 2183 affirmare

395 2234 541 2309 soleam.

447 2357 626 2454 Georgica
646 2357 859 2429 Maecenatis
882 2354 979 2426 suasu
997 2377 1037 2426 ac
1054 2355 1202 2427 consilio
1222 2355 1377 2430 scribere

395 2482 578 2577 suscepisse
608 2479 763 2575 poe'tam,
796 2502 836 2551 ut
867 2482 1054 2553 hominum
1084 2482 1197 2554 animi
1228 2485 1273 2556 ad
1304 2485 1375 2582 agri

396 2605 537 2678 colendi
562 2604 675 2677 studia
702 2621 959 2687 revocarentur,
997 2604 1248 2678 Britannorum
1290 2631 1376 2679 non-

396 2729 588 2816 nullorum,
605 2728 782 2813 Wartoni,
807 2726 935 2814 Crufii,
959 2728 1136 2815 Martinii,
1162 2730 1374 2827 elegantium

393 2854 567 2938 airomm,
591 2851 640 2922 est
665 2851 825 2946 opinio„
851 2850 954 2923 ltalia
979 2850 1057 2921 sane
1082 2851 1183 2922 bellis
1210 2853 1375 2925 civilibus

397 2995 539 3050 tanmm
554 2971 681 3048 nonin
706 2975 840 3047 vastam
865 2973 1091 3047 solitudinem
1115 2993 1196 3046 erat
1221 2977 1377 3057 remam

396 3103 566 3189 veterani,
588 3103 682 3174 inter
711 3125 798 3198 quos
824 3101 901 3198 agri
930 3100 1069 3172 fucrant
1085 3100 1199 3188 divisi,
1225 3102 1271 3174 ab
1293 3125 1377 3198 ope·

396 3215 446 3301 ris
461 3229 579 3300 rustici
603 3227 772 3300 molestiis
788 3245 823 3298 et
839 3226 1009 3332 aerumnis
1026 3224 1218 3297 tolerandis
1242 3222 1379 3298 alienis-

395 3351 492 3424 simis
519 3372 616 3426 erant
648 3355 799 3437 animis3
842 3337 1012 3425 siumenti
1048 3352 1171 3447 inopia
1203 3351 1251 3424 ab
1286 3376 1378 3426 anno

392 3477 481 3554 inde
507 3477 707 3551 DCCXIII
735 3502 864 3575 magna
894 3476 1034 3549 Italiam
1063 3474 1158 3546 same
1185 3475 1378 3560 afflixeram
1419 3535 1422 3540 .

397 3604 555 3676 carmine
576 3606 706 3701 itaque,
730 3629 803 3701 quo
820 3605 905 3677 vitae
928 3604 1065 3678 rusticae
1082 3603 1176 3675 bona
1193 3627 1381 3679 commen-

395 3726 574 3828 darentur,
597 3728 763 3801 delinitos
780 3727 918 3801 animos
935 3728 979 3799 ad
997 3727 1293 3825 agricolationem
1318 3729 1380 3801 ad-

396 3849 482 3921 duci
510 3850 616 3945 posse,
649 3852 817 3924 censuisse
843 3852 1098 3924 Maecenatem.
1153 3849 1383 3926 Fundamen-

396 3988 475 4041 tum
507 3988 627 4042 tamcn
661 3972 874 4071 conjec‘lurae
907 3974 1076 4046 idoneum
1107 3998 1180 4047 non
1213 3981 1384 4074 apparc't;

396 4096 483 4189 quin
498 4119 538 4167 ca
553 4121 618 4168 nec
634 4097 714 4169 satis
730 4101 924 4193 probabilis
941 4101 1007 4172 esse
1023 4100 1174 4185 videtur,
1200 4123 1289 4173 curn
1305 4125 1385 4174 car-

397 4223 487 4292 mini
505 4220 677 4319 majorem
692 4224 779 4308 vim,
805 4223 977 4320 majorem
1001 4227 1107 4298 etiam
1124 4227 1388 4322 celebritatem,

384 4342 541 4434 tribuat,
575 4370 683 4441 quam
716 4346 809 4418 inter
834 4348 997 4422 homines
1028 4348 1200 4440 indoctos,
1237 4352 1386 4443 seroceS,

395 4488 460 4559 per
475 4466 721 4567 bellorumque
737 4469 900 4543 civilium
922 4473 1104 4545 licentiam
1124 4473 1259 4571 rapinis
1271 4476 1388 4549 caedi-

1316 4623 1388 4696 que
