3575 5509
515 661 605 760 ,bn
638 660 915 754 crannus
949 661 1262 752 suconrco.
1360 700 1379 773 5

399 928 405 936 -
522 884 562 947 Et
572 883 685 964 zephyri
697 902 764 942 cava
775 901 823 961 per
834 883 998 940 calamorum
1010 880 1088 939 sibila
1100 880 1219 960 primum

520 976 646 1055 Agrestes
658 973 775 1031 docuere
788 963 865 1028 cavas
878 970 972 1045 inflare
985 970 1104 1039 cicutas;

398 1065 404 1070 ’
520 1064 591 1122 Inde
601 1060 758 1120 minutatim
770 1060 861 1116 dulces
869 1055 995 1135 'didicere
1006 1053 1135 1134 querelas,

523 1146 611 1211 Tibia
621 1170 687 1229 quas
700 1149 793 1207 fundit
805 1145 903 1225 digitis
913 1146 1013 1226 pulsata
1025 1147 1180 1217 cinen'tu'r'n,

425 1309 428 1316 ¹
523 1242 599 1301 Avia
610 1261 660 1318 per
671 1260 780 1299 nemora
792 1259 823 1296 ac
837 1240 912 1297 silvas
923 1238 1054 1316 saltusque
1066 1253 1180 1315 reperta,

523 1331 575 1390 Per
586 1331 648 1389 loca
658 1330 790 1408 pastorum
801 1328 903 1387 deserta
914 1343 994 1406 atque
1006 1328 1064 1385 otia
1076 1327 1122 1385 dia
1133 1326 1162 1387 ⁴.

396 1482 559 1568 :Potuere
587 1490 704 1586 itaque
731 1487 873 1559 Arcades
896 1500 933 1556 et
958 1486 1070 1573 Siculi,
1094 1488 1167 1583 qui,
1195 1510 1383 1592 antequam

389 1616 520 1689 'aratio
536 1612 749 1709 frequentior
759 1610 855 1695 effer,
879 1608 932 1681 uti
949 1609 1051 1680 bonis
1066 1608 1205 1705 pascuis
1222 1615 1382 1692 abunda.-

398 1740 506 1826 „bant,
530 1738 579 1808 ita
606 1751 720 1807 totam
748 1733 862 1804 vitam
890 1753 1044 1827 gregum
1075 1754 1172 1805 curae
1195 1735 1383 1833 impende.

398 1862 503 1949 bant,
540 1858 712 1953 invitante
745 1855 820 1951 ipsa
852 1856 1015 1926 locorum
1046 1857 1263 1944 amoenitate,
1296 1864 1383 1936 coeli

385 2061 388 2070 ,
405 1981 596 2054 clementia
616 1978 679 2073 (cs.
695 1977 845 2048 Diodor.
865 1975 929 2060 IV,
944 1973 1016 2065 84),
1032 1976 1144 2047 animi
1167 2002 1187 2049 a
1212 1980 1304 2051 curis
1321 2009 1385 2056 va.

400 2101 540 2188 ,cuitate
556 2116 592 2169 et
609 2097 696 2184 otio,
711 2095 868 2168 carmina
885 2094 1064 2189 pastoritia
1081 2097 1231 2169 condere
1255 2117 1290 2171 et
1307 2104 1386 2175 vul⁴

401 2222 486 2318 gari
520 2219 583 2292 usu
626 2220 777 2303 habere;
813 2237 960 2315 potuere
996 2219 1062 2290 else
1090 2219 1184 2291 inter
1220 2246 1290 2311 eos,
1322 2228 1386 2323 qui

373 2363 515 2433 „cantu
558 2346 778 2432 excellerent,
816 2332 880 2442 qui
925 2346 1117 2419 certamine
1155 2347 1337 2421 vincerent
1348 2351 1383 2441 †.

399 2470 663 2555 ‚Consecrarunt
691 2491 832 2564 quoque
857 2466 1045 2566 poetarum
1077 2470 1206 2543 fabulae
1237 2474 1384 2548 nomina

401 2594 586 2691 pastorum
613 2594 741 2665 veteris
767 2593 862 2679 vitae,
888 2612 929 2667 ut
959 2596 1202 2692 Daphnidem.
1233 2598 1306 2670 vid.
1323 2601 1384 2679 ,ad

405 2710 486 2790 Ecl.
507 2718 551 2788 V.
602 2715 706 2787 Forte
722 2714 829 2819 etiam
845 2714 938 2804 festa,
954 2742 1035 2813 quae
1051 2718 1226 2813 Apollini,
1242 2718 1383 2809 Dianae,

406 2844 539 2930 Cereri,
566 2839 652 2913 Pani
670 2838 816 2934 aliisque
840 2837 909 2910 diis
937 2839 1076 2912 rusticis
1090 2820 1383 2931 celebrabantur,

321 2954 325 2963 ¹
405 2968 459 3039 uti
496 2964 669 3064 majorem
699 2962 954 3049 celebritatem,
990 2964 1039 3036 ita
1071 2964 1185 3061 majus
1215 2964 1383 3053 studium,

401 3063 579 3189 rnajorem
595 3107 720 3176 artem,
743 3104 779 3157 et
798 3086 1078 3159 concinnitatem
1101 3086 1301 3158 carminum
1328 3106 1384 3159 at-
1448 3176 1450 3182 Ι

350 3260 352 3267 ·
403 3214 516 3317 tulere
527 3249 537 3297 ;
564 3237 636 3308 quo
653 3210 728 3307 ipso
746 3229 905 3307 apparet,
923 3236 987 3297 cur
1003 3209 1104 3281 initia
1125 3206 1242 3281 Musae
1269 3207 1383 3299 buco-

403 3325 486 3446 licae
504 3337 549 3409 ad
566 3335 693 3407 sestum
711 3322 781 3407 fere
797 3336 925 3407 Dianae
948 3354 1008 3407 aut
1035 3332 1217 3429 Apollinis
1241 3331 1381 3423 Nomii,

404 3461 590 3546 alteriusve
607 3460 775 3531 Numinis
790 3444 945 3557 agrestis,
961 3459 1150 3532 reserantur
1164 3450 1200 3554 l.
1250 3459 1381 3533 Enim*
1458 3542 1462 3556 Ι

404 3604 502 3667 vero,
518 3580 631 3650 multo
646 3597 808 3677 tempore
822 3580 913 3676 post,
926 3579 1016 3651 forte
1032 3580 1140 3650 etiam
1151 3578 1230 3674 post
1247 3580 1379 3652 multos

401 3679 504 3790 alios,
541 3701 603 3798 qui
633 3696 728 3775 idern
761 3720 990 3789 tentaverant,
1027 3702 1119 3774 inter
1155 3727 1243 3797 quos
1283 3723 1380 3774 certe

402 3807 617 3899 Stesrchmus
640 3810 739 3899 suilie
760 3827 870 3899 fertur
888 3827 914 3920 ΙΙ,
938 3842 1017 3897 turn
1046 3825 1215 3897 Sicelidas
1240 3824 1398 3898 Samius·

409 4054 412 4058 .
438 4000 458 4041 ⁴*
478 4008 589 4068 Lucret.
601 4008 641 4079 V,
658 4016 726 4086 1381
743 4010 800 4088 sqqt
915 4010 1007 4067 anaor
1026 4008 1055 4067 in
1076 4010 1239 4069 Tentamlne
1260 4005 1294 4068 'de
1311 4012 1383 4069 Car·
1438 4081 1442 4088 ,

440 4088 459 4145 †
472 4086 516 4144 Ex
528 4088 582 4146 hoc
594 4101 695 4158 tamen,
709 4090 782 4165 quod
795 4086 867 4145 inter
915 4086 989 4144 mine
1006 4088 1133 4146 bucolico
1151 4089 1307 4164 (Arethusa,
1325 4089 1383 4145 oder

400 4156 550 4223 adventitia
566 4177 594 4223 et
612 4165 798 4243 contingentia
814 4164 864 4222 b'u'-
913 4167 953 4221 die
964 4164 1107 4241 bucolfihcn
1118 4166 1225 4224 Dichter
1234 4168 1275 4240 des
1293 4164 1381 4222 Alter·

399 4241 484 4300 oolici
496 4241 622 4299 carminis
633 4242 797 4308 habendum,
810 4260 862 4307 ,no-
912 4242 1003 4307 thamsr
1043 4242 1164 4311 Berolin,
1181 4244 1263 4318 1789·
1284 4244 1326 4317 4.)

399 4303 450 4376 lim
474 4334 563 4376 totum
582 4319 634 4377 hoc
651 4326 735 4397 genus
754 4320 863 4396 ejusque
950 4319 968 4396 Ι
995 4340 1023 4381 ν.
1043 4321 1139 4377 Vitam
1164 4307 1245 4395 Virg.
1272 4319 1376 4377 Donat.

399 4414 523 4453 naturam
542 4396 717 4470 constituere:
737 4397 862 4473 quodfaa
896 4394 926 4474 ,ς
942 4396 1030 4474 84lq.
1189 4449 1192 4453 .

399 4460 441 4529 *cit
453 4463 585 4552 elegantia
597 4488 625 4531 et
642 4461 741 4533 amoeni
755 4473 860 4555 ingenii
949 4472 961 4549 ll
982 4472 1083 4530 AElian.
1096 4472 1114 4529 l.
1128 4473 1148 4532 l.
1270 4526 1280 4545 ,

1227 4630 1229 4634 .
1319 4570 1378 4646 seu
