3575 5509
523 931 869 1015 CORRECTOR
897 928 1142 1018 LECTORI
1168 921 1212 1018 S.

377 1193 530 1335 CUM
552 1251 591 1325 in
606 1251 673 1323 hac
698 1249 851 1323 editione
866 1251 1073 1323 excudenda
1089 1246 1163 1348 ipse
1174 1255 1349 1328 correcto.

374 1378 424 1450 ris
439 1395 593 1461 tantum,
613 1398 684 1445 non
707 1369 852 1445 editoris
877 1387 992 1471 partes
1011 1371 1234 1471 susceperim,
1260 1374 1349 1451 nihii

374 1499 423 1571 de
435 1520 518 1570 meo
528 1496 728 1569 addendum
745 1495 878 1590 putavi,
893 1512 1024 1592 praeter
1036 1516 1163 1593 paucas
1179 1498 1349 1594 quasdam
1389 1576 1391 1581 ,

376 1620 535 1693 virorum
549 1620 734 1693 donorum
749 1617 976 1716 conjedtunu,
989 1638 1075 1714 quas
1088 1622 1177 1694 mihi
1191 1619 1282 1695 visus
1299 1618 1350 1698 est

375 1743 539 1836 Heynius
555 1742 637 1812 ideo
653 1740 873 1839 praeteriisse,
901 1743 985 1838 quia
1000 1743 1158 1817 nesciret.
1210 1747 1352 1820 Mirum
1421 1836 1426 1846 x

376 1862 514 1936 sortasse
538 1863 716 1935 nonnullis
737 1864 886 1948 accidet,
920 1865 1097 1939 Addenda
1126 1867 1170 1939 ad
1188 1867 1351 1942 Indicem

374 1988 529 2063 seorsum
557 1986 737 2074 collocari,
771 2011 843 2059 non
859 1985 920 2059 suo
950 1988 1086 2084 singula
1116 1990 1198 2064 loco
1226 1993 1351 2067 intexi.¹

377 2116 439 2188 Sic
466 2116 574 2210 igitur
590 2137 642 2184 res
668 2111 702 2183 se
718 2112 836 2184 habet.
887 2115 1122 2210 Typographi
1143 2115 1285 2189 initium
1299 2120 1353 2190 la-

378 2240 477 2312 boris
491 2237 540 2309 sui
553 2235 598 2306 ab
614 2235 738 2309 lndice
752 2233 920 2321 fecerunt,
933 2238 995 2331 qui
1013 2237 1163 2331 proinde
1179 2257 1271 2312 totus
1287 2265 1352 2313 ex.

376 2361 477 2435 cusos
516 2379 600 2449 erat,
639 2361 702 2433 diu
732 2375 922 2453 antequam
951 2358 1127 2431 Addenda
1160 2360 1196 2431 in
1226 2386 1350 2436 manus

256 2503 259 2507 '
376 2510 501 2558 eorum
512 2482 768 2581 pervenirent*
809 2481 918 2579 Qud
934 2482 979 2554 ad
995 2470 1138 2579 operam
1153 2509 1271 2559 meam
1295 2493 1366 2562 at-'

375 2604 646 2700 tinet,quamvis
655 2601 755 2673 omni
764 2599 1012 2672 studioenixus
1023 2601 1252 2701 s1m‚utquam
1260 2633 1351 2704 pau.

376 2726 508 2800 cissrma
537 2724 665 2798 menda
688 2723 976 2816 relinquerentur,
1000 2747 1121 2798 vereor
1150 2745 1280 2816 tamen,
1304 2755 1350 2804 ne

374 2852 477 2947 plura
501 2847 682 2945 superfint,
710 2870 817 2941 quam
846 2863 906 2917 aut
930 2871 997 2942 ego
1021 2847 1094 2944 ipse
1119 2870 1179 2922 aut
1205 2853 1349 2926 ledores

374 2975 497 3046 velint.
551 2942 701 3041 Nsrllum
719 2988 850 3056 tamen,
881 2987 921 3038 ut
939 2967 1050 3063 spero,
1075 2974 1243 3045 mendum
1260 2981 1350 3050 tanti

374 3091 551 3165 momenti
569 3090 778 3174 invenietur,
798 3088 1014 3160 utlediorem
1029 3091 1254 3164 mediocriter
1264 3095 1351 3167 doc·
1386 3122 1390 3133 ·
1462 3112 1468 3125 ’

375 3233 455 3287 tum
472 3212 601 3284 morari
616 3209 731 3307 possit.

425 3466 571 3538 Miserat
602 3464 767 3562 Heynius
805 3491 873 3538 una
907 3489 991 3539 cum
1022 3466 1285 3543 Additamentis
1314 3490 1352 3544 et

377 3589 661 3662 Corresiionibus
674 3591 818 3661 brevem
833 3590 1094 3679 Praesationem,
1105 3616 1212 3687 quam
1225 3594 1354 3693 Typo-

373 3718 505 3817 graphi
520 3714 752 3814 seposuerant,
764 3717 830 3788 toti
848 3719 981 3792 scilicet
993 3719 1092 3815 operi
1104 3717 1181 3814 jam
1192 3718 1351 3792 absoluto

373 3845 662 3943 praeponendam.
754 3845 821 3917 Sed
866 3870 951 3918 cum
997 3846 1132 3918 caeteris
1182 3844 1350 3915 omnibus

374 3966 518 4055 excuss,
554 3966 796 4064 praefationem
831 3986 1040 4063 quaererent,
1082 3967 1253 4062 nusquam
1291 3967 1350 4037 in.

373 4093 497 4163 venire
523 4111 723 4189 potuerunt.
774 4096 810 4166 Si
839 4112 957 4167 tamen
979 4094 1067 4166 bene
1085 4093 1244 4179 memini,
1270 4094 1349 4165 haee

412 4418 432 4452 ⁰
453 4409 546 4472 Video
565 4410 650 4469 etiam
670 4412 727 4490 post
746 4412 879 4470 secundas
898 4432 975 4471 curas
1004 4413 1126 4491 quaedam
1146 4416 1228 4474 verba
1246 4416 1349 4484 omitti,

371 4532 398 4575 e.
410 4532 442 4594 g.
461 4518 577 4594 janitor,
595 4514 670 4593 quod
682 4513 804 4576 occurrit
815 4514 879 4576 AEu.
890 4514 947 4587 Vl,
966 4537 1032 4593 400.
1044 4515 1206 4594 vn1,.296.

777 4832 781 4839 -
825 4783 1005 4890 51¹⁷(
