3575 5509
597 692 1017 820 AD'LI'BR‘UM
1057 690 1139 794 lVss«
1285 720 1351 815 565
1406 750 1408 753 ⁴
1461 762 1473 771 ·

407 919 448 993 At
461 933 547 992 Maro
559 928 716 990 obscuravit
731 938 922 985 commentum
940 920 1008 980 illud
1027 921 1169 1001 posticum
1186 919 1289 980 inflexa
1312 933 1354 978 te·

365 1059 428 1099 rum
441 1037 540 1115 specie,
554 1037 619 1095 dum
640 1034 723 1095 Penei
739 1031 859 1092 fluminis
875 1030 983 1109 regiam
996 1029 1032 1087 ad
1046 1027 1164 1087 eundem
1178 1025 1356 1087 modumarl·
1403 1032 1410 1045 '

367 1142 519 1208 umbravit,
540 1160 596 1219 quo
610 1136 719 1217 Oceani
741 1138 785 1195 vel
799 1133 900 1199 Nerei,
921 1148 969 1191 aut
988 1132 1062 1192 forte
1080 1131 1210 1197 Acheloi,
1230 1131 1358 1191 amnium

367 1250 554 1330 antiquiffimi,
574 1247 691 1307 describi
703 1245 841 1325 potuisset.
882 1239 959 1301 Nam
980 1261 1031 1319 per
1051 1240 1078 1298 se
1096 1239 1218 1298 Flamini
1237 1238 1291 1298 deo
1303 1236 1356 1297 do-

369 1379 429 1417 mus
443 1357 488 1415 seu
500 1353 580 1433 regia
595 1355 667 1411 recte
678 1350 868 1410 tribuebatur:
891 1361 919 1404 ct
929 1344 1028 1424 inipso
1041 1345 1136 1402 Peneo
1149 1344 1201 1401 hoc
1212 1363 1248 1401 ex
1257 1346 1357 1421 podta-
1479 1349 1481 1356 '

369 1475 431 1514 rum
446 1454 492 1513 usu
507 1451 669 1529 exsequutus
681 1450 717 1507 est
731 1447 818 1507 Ovid.
839 1447 914 1503 Met.
926 1446 953 1512 I,
975 1445 1031 1523 568
1042 1444 1082 1521 sq.
1096 1464 1104 1500 ι
1124 1445 1170 1522 Est
1189 1467 1272 1504 nemus
1292 1448 1359 1503 Hae.

368 1562 460 1616 muniae
485 1554 647 1614 δια-ΗΜ
668 1554 762 1616 domus,
784 1548 840 1606 baec
851 1548 937 1623 sedes,
959 1544 1015 1601 haec
1028 1548 1091 1621 sient
1107 1545 1253 1622 penetralia
1273 1555 1361 1627 magni

291 1680 294 1684 ’
371 1667 462 1726 Amnis
473 1684 482 1732 3
511 1669 538 1719 in
550 1662 721 1739 bocrestdens,
731 1663 811 1734 fasir
823 1657 853 1711 de
866 1632 981 1711 iactibus
995 1669 1081 1719 antro,
1104 1652 1186 1711 Undis
1193 1657 1263 1732 jura
1276 1657 1364 1719 dabat

368 1770 535 1849 Nymphisque
544 1765 675 1827 colentibus
688 1767 780 1823 undas.
820 1759 1043 1819 Conveniuntillic
1050 1760 1185 1838 popularia
1185 1758 1299 1839 flumina
1302 1770 1362 1844 pre
1481 1762 1489 1777 ‘

368 1844 444 1940 mum,
464 1874 530 1930 Mox
542 1895 627 1930 amnes
639 1869 699 1932 alii.
1305 1945 1308 1952 Ι

409 1978 451 2035 Ut
464 1976 499 2033 ad
521 1989 627 2033 certam
647 1972 769 2051 aliquam
785 1991 877 2052 rerum
894 1971 1024 2051 speciem,
1045 1992 1106 2050 quae
1129 1972 1241 2051 quidem
1259 1974 1361 2034 animis

373 2081 470 2141 nostris
484 2081 630 2140 informari
642 2082 732 2159 possit,
752 2080 813 2137 haec
827 2064 976 2148 revocem3
1006 2100 1040 2137 ex
1051 2078 1123 2139 'toto
1136 2080 1205 2139 mihi
1226 2080 1290 2140 loco
1303 2082 1362 2143 haec
1392 2103 1396 2111 ·

373 2173 501 2247 constitui
524 2190 598 2266 posse
613 2188 760 2246 videntur:
782 2187 818 2244 In
835 2186 935 2245 eadem
960 2185 1091 2244 Caverna
1111 2186 1205 2270 specus
1224 2159 1274 2255 est,
1301 2209 1363 2267 quaa

265 2316 270 2323 ·
372 2312 424 2371 pro
437 2291 526 2374 sonte,
547 2289 671 2369 adeoque
695 2309 747 2368 pro
760 2289 839 2368 regia
857 2288 954 2356 Penei,
975 2289 1026 2358 srt3
1056 2304 1125 2368 puta
1147 2292 1201 2350 esse
1223 2313 1361 2372 magnum

372 2398 483 2476 aliquod
493 2397 601 2476 specus,
622 2397 703 2475 quale
717 2396 785 2454 illud
803 2398 1001 2475 Nympharum
1014 2397 1044 2455 in
1067 2399 1263 2458 adituIthacae
1286 2402 1362 2479 apud

303 2515 306 2521 '
371 2503 540 2559 Homerum.
580 2500 683 2576 Specus
697 2501 750 2557 hoc
764 2519 816 2577 pro
830 2498 941 2557 thalamo
956 2500 1093 2577 Cyrenes,
1113 2520 1174 2578 quae
1196 2500 1280 2560 Penei
1298 2516 1361 2562 erat

372 2607 448 2675 filia;
467 2606 580 2663 thalami
588 2605 725 2683 pendentia
731 2610 827 2682 pumice
838 2614 908 2662 tesia
919 2625 946 2661 v.
963 2625 1038 2681 374:
1069 2592 1177 2683 reliqua
1199 2627 1215 2665 e
1237 2608 1296 2666 vita
1309 2610 1362 2668 he·
1485 2648 1488 2652 -

373 2732 452 2771 roum
466 2732 497 2768 ac
512 2712 626 2770 deorum
639 2713 700 2770 sunt
720 2710 824 2789 petita:
856 2710 1003 2769 assidentei
1017 2712 1158 2790 Nymphae
1170 2733 1238 2790 opus
1253 2716 1358 2775 facien-

372 2833 414 2875 tes
429 2837 487 2896 334
499 2817 552 2896 sq.,
572 2818 683 2877 assident
694 2822 789 2875 vitreis
800 2816 924 2891 sedilibus
939 2837 1007 2898 350.
1048 2817 1181 2877 Adventu
1196 2821 1269 2879 sado
1284 2822 1362 2883 Aris-

373 2938 440 2984 taeus
462 2928 581 3006 hospitio
605 2942 738 3005 exceptus
763 2930 875 2988 lavatur
893 2944 922 2988 et
945 2927 1037 2987 mensa
1056 2931 1180 3008 apposita
1200 2948 1363 2993 recreatur:

272 3057 273 3062 ¹
348 3073 352 3089 -.
375 3030 539 3110 376-379.
561 3032 608 3092 Fit
620 3032 728 3099 libatio,
739 3047 768 3091 et
782 3033 894 3112 quidem
903 3033 933 3091 in
945 3032 1032 3112 patris
1046 3033 1155 3092 Oceani
1168 3041 1197 3092 et
1210 3036 1362 3115 Nympha.

372 3155 434 3195 rum
446 3137 591 3205 honorem,
611 3134 739 3213 precibus
753 3138 850 3196 saiiis:
874 3142 1039 3216 379—383.
1080 3138 1160 3197 Inter
1182 3140 1241 3198 haec
1261 3158 1363 3212 mater,

373 3258 458 3317 quarn
468 3260 503 3297 ex
512 3239 562 3299 filii
574 3240 709 3319 questibus
724 3240 912 3300 calamitatem
925 3240 1047 3299 didicisse
1066 3255 1095 3299 et
1114 3241 1150 3300 de
1169 3246 1293 3305 remedio
1306 3248 1364 3307 for-

375 3357 449 3401 tunae
472 3342 601 3420 cogitasse
623 3356 703 3419 puta,
722 3361 757 3400 ex
781 3343 904 3409 flamma,
924 3342 1012 3401 libato
1032 3344 1100 3402 vino
1120 3344 1269 3414 emicante,
1289 3348 1364 3409 bono
1488 3382 1491 3390 ·

374 3429 471 3508 omine
482 3462 565 3527 capto
576 3450 667 3506 etesia
679 3471 708 3508 v.
722 3446 888 3527 384-386‚
910 3445 995 3504 filium
1011 3447 1046 3504 ad
1066 3447 1196 3507 Proteum
1215 3450 1365 3528 degentem

375 3566 435 3612 tum
455 3552 492 3611 ad
512 3552 650 3617 Pallenes,
671 3552 816 3609 Thessaliae
839 3548 995 3627 peninsulae‚
1015 3551 1121 3618 littora,
1141 3552 1265 3631 ablegat,
1285 3570 1315 3613 ut
1329 3576 1366 3616 ex

316 3736 317 3740 Ἰ
374 3656 532 3717 comodum
542 3656 760 3736 reparandorum
770 3655 930 3714 examinum
940 3656 1109 3733 comperiat:
1133 3662 1189 3735 387
1200 3658 1261 3737 sqq.
1281 3635 1380 3734 'Per--

376 3762 488 3821 venitur
498 3761 534 3819 ad
547 3761 617 3819 illud
632 3760 717 3819 Penei
730 3760 825 3837 specus
837 3758 965 3817 descensu
978 3757 1013 3815 ad
1024 3779 1155 3838 magnam
1169 3761 1246 3820 illam
1260 3765 1366 3824 Caver-

376 3886 440 3925 nam
454 3865 539 3930 facio,
559 3863 669 3941 qualem
688 3862 844 3920 descensum
861 3862 985 3941 praebere
999 3863 1070 3922 adeo
1089 3866 1195 3924 necesse
1216 3868 1254 3926 est
1271 3886 1365 3928 omnes

376 3973 524 4033 fluviorum
537 3971 625 4028 fontes
640 3989 675 4026 ex
689 3968 821 4046 specubus
837 3969 952 4046 prodire
965 3969 1067 4028 solitos.
1108 3972 1209 4049 Itaque
1222 3945 1225 3955 Ι
1236 3985 1265 4029 et
1288 3972 1380 4037 Aris,

376 4095 442 4138 taeus
454 4074 521 4138 cum
538 4090 656 4141 matrem
671 4073 801 4151 Cyrenen
825 4074 904 4132 adire
923 4074 1019 4140 vellet,
1039 4074 1075 4132 ad
1090 4074 1198 4134 fontem
1213 4075 1298 4140 Penei
1318 4094 1367 4133 ac·

377 4185 471 4241 cellit:
503 4179 594 4259 Tristis
608 4183 762 4237 adextrant
773 4182 878 4255 sacrum
892 4196 969 4258 caput
982 4182 1086 4259 adstitit
1099 4186 1191 4237 amnis.
1232 4179 1297 4246 Illa,
1317 4180 1368 4239 etfi

376 4288 509 4347 interiora
519 4303 607 4353 terrae,
627 4286 739 4365 specum
756 4304 790 4354 ac
811 4301 921 4363 partem
931 4307 1042 4365 magnae
1055 4286 1129 4344 istius
1142 4286 1289 4353 Caverna,
1310 4306 1367 4365 quo

376 4395 440 4453 loco
464 4391 549 4449 Penei
564 4390 650 4467 patris
671 4404 732 4450 erat
758 4391 867 4459 domus,
892 4391 1078 4456 inhabitabat,
1099 4391 1173 4447 recte
1198 4403 1292 4448 tamen
1314 4389 1364 4452 sub

380 4512 458 4572 fonte
466 4496 552 4555 Penei
562 4495 665 4575 degere
675 4497 730 4556 dici
740 4512 869 4577 poterat3
889 4522 947 4576 qua>
953 4502 1068 4574 gurgitis
1076 4497 1151 4576 hujus
1157 4497 1216 4553 Ima
1229 4512 1296 4554 tenes
1304 4519 1314 4565 ;
1328 4510 1369 4563 et,

348 4585 349 4588 Ἴ
378 4617 461 4663 mater
472 4605 583 4678 sonitum
602 4590 782 4679 thalamo'sub
796 4605 916 4681 fluminis
938 4599 990 4661 alti
1009 4602 1098 4662 Seust.
1139 4601 1216 4661 Tum
1228 4616 1288 4657 ante
1300 4598 1389 4657 aliar

1241 4704 1370 4776 Arethusa
