<?xml version="1.0" encoding="UTF-8"?>
<!DOCTYPE html PUBLIC "-//W3C//DTD XHTML 1.0 Transitional//EN"
    "http://www.w3.org/TR/xhtml1/DTD/xhtml1-transitional.dtd">
<html xmlns="http://www.w3.org/1999/xhtml" xml:lang="en" lang="en">
 <head>
  <title>
</title>
<meta http-equiv="Content-Type" content="text/html;charset=utf-8" />
  <meta name='ocr-system' content='tesseract 3.04.00' />
  <meta name='ocr-capabilities' content='ocr_page ocr_carea ocr_par ocr_line ocrx_word'/>
</head>
<body>
  <div class='ocr_page' id='page_1' title='image "./operavarietatel00virggoog_0320.png"; bbox 0 0 3575 5509; ppageno 0'>
   <div class='ocr_carea' id='block_1_1' title="bbox 396 960 1373 1026">
    <p class='ocr_par' dir='ltr' id='par_1_1' title="bbox 396 960 1373 1026">
     <span class='ocr_line' id='line_1_1' title="bbox 396 960 1373 1026; baseline -0.007 -1"><span class='ocrx_word' id='word_1_1' title='bbox 396 960 1373 1026; x_wconf 46' lang='lat' dir='ltr'>m*</span> 
     </span>
    </p>
   </div>
   <div class='ocr_carea' id='block_1_2' title="bbox 615 1160 1216 1432">
    <p class='ocr_par' dir='ltr' id='par_1_2' title="bbox 615 1160 1216 1432">
     <span class='ocr_line' id='line_1_2' title="bbox 615 1160 1216 1274; baseline -0.02 0"><span class='ocrx_word' id='word_1_2' title='bbox 615 1160 985 1274; x_wconf 80' lang='lat' dir='ltr'><strong>ECLOGA</strong></span> <span class='ocrx_word' id='word_1_3' title='bbox 1066 1161 1216 1265; x_wconf 81' lang='lat' dir='ltr'>m.&#39;</span> 
     </span>
     <span class='ocr_line' id='line_1_3' title="bbox 663 1352 1121 1432; baseline 0.002 -1"><span class='ocrx_word' id='word_1_4' title='bbox 663 1352 1121 1432; x_wconf 75' lang='lat' dir='ltr'>pnnnnon.</span> 
     </span>
    </p>
   </div>
   <div class='ocr_carea' id='block_1_3' title="bbox 571 1736 1328 1844">
    <p class='ocr_par' dir='ltr' id='par_1_3' title="bbox 571 1736 1328 1844">
     <span class='ocr_line' id='line_1_4' title="bbox 571 1736 1328 1844; baseline 0.003 -1"><span class='ocrx_word' id='word_1_5' title='bbox 571 1736 1328 1844; x_wconf 69' lang='lat' dir='ltr'>ARGUMnNnUM.--</span> 
     </span>
    </p>
   </div>
   <div class='ocr_carea' id='block_1_4' title="bbox 265 1944 1460 2980">
    <p class='ocr_par' dir='ltr' id='par_1_4' title="bbox 265 1944 1375 2259">
     <span class='ocr_line' id='line_1_5' title="bbox 396 1944 1375 2115; baseline -0.003 -85"><span class='ocrx_word' id='word_1_6' title='bbox 396 1974 661 2115; x_wconf 74' lang='lat' dir='ltr'>Discnnnnnn</span> <span class='ocrx_word' id='word_1_7' title='bbox 682 1944 870 2030; x_wconf 31' lang='lat' dir='ltr'>hoc&#39;earmine</span> <span class='ocrx_word' id='word_1_8' title='bbox 886 1963 996 2064; x_wconf 78' lang='lat' dir='ltr'>aiternie</span> <span class='ocrx_word' id='word_1_9' title='bbox 1013 1964 1130 2025; x_wconf 71' lang='lat' dir='ltr'>veribus</span> <span class='ocrx_word' id='word_1_10' title='bbox 1150 1968 1298 2045; x_wconf 70' lang='lat' dir='ltr'>(quaternos</span> <span class='ocrx_word' id='word_1_11' title='bbox 1310 1968 1375 2028; x_wconf 52' lang='lat' dir='ltr'>inis</span> 
     </span>
     <span class='ocr_line' id='line_1_6' title="bbox 492 2067 1368 2145; baseline -0.005 -15"><span class='ocrx_word' id='word_1_12' title='bbox 492 2073 551 2135; x_wconf 84' lang='lat' dir='ltr'><strong>Ecl.</strong></span> <span class='ocrx_word' id='word_1_13' title='bbox 562 2071 629 2131; x_wconf 88' lang='lat' dir='ltr'><strong>VII.</strong></span> <span class='ocrx_word' id='word_1_14' title='bbox 642 2068 805 2143; x_wconf 82' lang='lat' dir='ltr'>videbimus)</span> <span class='ocrx_word' id='word_1_15' title='bbox 826 2068 881 2126; x_wconf 92' lang='lat' dir='ltr'>duo</span> <span class='ocrx_word' id='word_1_16' title='bbox 893 2067 1019 2145; x_wconf 70' lang='lat' dir='ltr'>pastores,</span> <span class='ocrx_word' id='word_1_17' title='bbox 1030 2067 1169 2139; x_wconf 74' lang='lat' dir='ltr'>Damoetae</span> <span class='ocrx_word' id='word_1_18' title='bbox 1179 2068 1368 2141; x_wconf 59' lang='lat' dir='ltr'>mercenarius,</span> 
     </span>
     <span class='ocr_line' id='line_1_7' title="bbox 265 2168 1369 2259; baseline -0.006 -23"><span class='ocrx_word' id='word_1_19' title='bbox 265 2223 268 2236; x_wconf 87' lang='lat'>.</span> <span class='ocrx_word' id='word_1_20' title='bbox 395 2179 511 2259; x_wconf 80' lang='lat' dir='ltr'>AEgonie</span> <span class='ocrx_word' id='word_1_21' title='bbox 529 2194 591 2235; x_wconf 73' lang='lat' dir='ltr'>oves</span> <span class='ocrx_word' id='word_1_22' title='bbox 609 2170 727 2251; x_wconf 76' lang='lat' dir='ltr'>pascens,</span> <span class='ocrx_word' id='word_1_23' title='bbox 752 2184 779 2227; x_wconf 87' lang='lat' dir='ltr'>et</span> <span class='ocrx_word' id='word_1_24' title='bbox 801 2168 959 2239; x_wconf 53' lang='lat' dir='ltr'>Menalcan</span> <span class='ocrx_word' id='word_1_25' title='bbox 978 2169 1203 2247; x_wconf 72' lang='lat' dir='ltr'>cujuscmminis,</span> <span class='ocrx_word' id='word_1_26' title='bbox 1219 2172 1369 2236; x_wconf 71' lang='lat' dir='ltr'>mbaeun</span> 
     </span>
    </p>

    <p class='ocr_par' dir='ltr' id='par_1_5' title="bbox 333 2271 1460 2980">
     <span class='ocr_line' id='line_1_8' title="bbox 338 2271 1403 2352; baseline -0.008 -10"><span class='ocrx_word' id='word_1_27' title='bbox 338 2321 352 2334; x_wconf 81' lang='lat'>-</span> <span class='ocrx_word' id='word_1_28' title='bbox 394 2283 464 2343; x_wconf 88' lang='lat' dir='ltr'>illud</span> <span class='ocrx_word' id='word_1_29' title='bbox 483 2280 595 2344; x_wconf 90' lang='lat' dir='ltr'>dicitur,</span> <span class='ocrx_word' id='word_1_30' title='bbox 614 2296 645 2333; x_wconf 88' lang='lat' dir='ltr'>ea</span> <span class='ocrx_word' id='word_1_31' title='bbox 665 2276 710 2334; x_wconf 86' lang='lat' dir='ltr'>lex</span> <span class='ocrx_word' id='word_1_32' title='bbox 731 2274 779 2341; x_wconf 89' lang='lat' dir='ltr'>est,</span> <span class='ocrx_word' id='word_1_33' title='bbox 800 2283 830 2331; x_wconf 79' lang='lat' dir='ltr'>nt</span> <span class='ocrx_word' id='word_1_34' title='bbox 851 2273 885 2342; x_wconf 87' lang='lat' dir='ltr'>is,</span> <span class='ocrx_word' id='word_1_35' title='bbox 906 2271 955 2352; x_wconf 87' lang='lat' dir='ltr'>qui</span> <span class='ocrx_word' id='word_1_36' title='bbox 976 2272 1126 2352; x_wconf 76' lang='lat' dir='ltr'>respondet,</span> <span class='ocrx_word' id='word_1_37' title='bbox 1144 2273 1241 2336; x_wconf 84' lang='lat' dir='ltr'>iisdem</span> <span class='ocrx_word' id='word_1_38' title='bbox 1254 2275 1370 2335; x_wconf 80' lang='lat' dir='ltr'>verfibm</span> <span class='ocrx_word' id='word_1_39' title='bbox 1392 2314 1403 2333; x_wconf 65' lang='grc'>,«</span> 
     </span>
     <span class='ocr_line' id='line_1_9' title="bbox 394 2366 1368 2458; baseline -0.007 -15"><span class='ocrx_word' id='word_1_40' title='bbox 394 2404 426 2443; x_wconf 80' lang='lat' dir='ltr'>ac</span> <span class='ocrx_word' id='word_1_41' title='bbox 440 2378 554 2441; x_wconf 85' lang='lat' dir='ltr'>numeris</span> <span class='ocrx_word' id='word_1_42' title='bbox 566 2392 612 2436; x_wconf 85' lang='lat' dir='ltr'>aut</span> <span class='ocrx_word' id='word_1_43' title='bbox 625 2374 790 2435; x_wconf 80' lang='lat' dir='ltr'>contrarium</span> <span class='ocrx_word' id='word_1_44' title='bbox 804 2366 853 2434; x_wconf 36' lang='lat' dir='ltr'>aut*</span> <span class='ocrx_word' id='word_1_45' title='bbox 863 2376 949 2451; x_wconf 84' lang='lat' dir='ltr'>majus</span> <span class='ocrx_word' id='word_1_46' title='bbox 967 2388 996 2433; x_wconf 85' lang='lat' dir='ltr'>et</span> <span class='ocrx_word' id='word_1_47' title='bbox 1010 2375 1149 2458; x_wconf 82' lang='lat' dir='ltr'>pulchrius</span> <span class='ocrx_word' id='word_1_48' title='bbox 1159 2376 1271 2456; x_wconf 77' lang='lat' dir='ltr'><strong>aliquod</strong></span> <span class='ocrx_word' id='word_1_49' title='bbox 1282 2376 1368 2447; x_wconf 78' lang='lat' dir='ltr'>dicat,</span> 
     </span>
     <span class='ocr_line' id='line_1_10' title="bbox 394 2478 1410 2560; baseline -0.004 -15"><span class='ocrx_word' id='word_1_50' title='bbox 394 2500 441 2545; x_wconf 82' lang='lat' dir='ltr'>aut</span> <span class='ocrx_word' id='word_1_51' title='bbox 452 2486 506 2544; x_wconf 86' lang='lat' dir='ltr'>nlla</span> <span class='ocrx_word' id='word_1_52' title='bbox 518 2484 572 2541; x_wconf 87' lang='lat' dir='ltr'>alia</span> <span class='ocrx_word' id='word_1_53' title='bbox 583 2482 685 2540; x_wconf 81' lang='lat' dir='ltr'>ratione</span> <span class='ocrx_word' id='word_1_54' title='bbox 697 2478 782 2539; x_wconf 87' lang='lat' dir='ltr'>fimile</span> <span class='ocrx_word' id='word_1_55' title='bbox 793 2480 862 2557; x_wconf 92' lang='lat' dir='ltr'>quid</span> <span class='ocrx_word' id='word_1_56' title='bbox 874 2478 1009 2557; x_wconf 84' lang='lat' dir='ltr'>subjiciat.</span> <span class='ocrx_word' id='word_1_57' title='bbox 1048 2479 1369 2560; x_wconf 57' lang='lat' dir='ltr'>Nequeexeodemom,</span> <span class='ocrx_word' id='word_1_58' title='bbox 1405 2541 1410 2550; x_wconf 76' lang='grc'>,</span> 
     </span>
     <span class='ocr_line' id='line_1_11' title="bbox 395 2575 1369 2664; baseline -0.006 -18"><span class='ocrx_word' id='word_1_59' title='bbox 395 2587 442 2647; x_wconf 87' lang='lat' dir='ltr'>nia</span> <span class='ocrx_word' id='word_1_60' title='bbox 452 2598 610 2663; x_wconf 81' lang='lat' dir='ltr'>argumento</span> <span class='ocrx_word' id='word_1_61' title='bbox 623 2585 722 2642; x_wconf 81' lang='lat' dir='ltr'>neceffe</span> <span class='ocrx_word' id='word_1_62' title='bbox 739 2575 775 2641; x_wconf 85' lang='lat' dir='ltr'>est</span> <span class='ocrx_word' id='word_1_63' title='bbox 794 2583 844 2641; x_wconf 82' lang='lat' dir='ltr'>eise</span> <span class='ocrx_word' id='word_1_64' title='bbox 861 2583 957 2661; x_wconf 80' lang='lat' dir='ltr'>petita,</span> <span class='ocrx_word' id='word_1_65' title='bbox 970 2583 1016 2643; x_wconf 82' lang='lat' dir='ltr'>sed</span> <span class='ocrx_word' id='word_1_66' title='bbox 1028 2604 1045 2641; x_wconf 85' lang='lat' dir='ltr'>a</span> <span class='ocrx_word' id='word_1_67' title='bbox 1056 2582 1181 2660; x_wconf 70' lang='lat' dir='ltr'>variisne</span> <span class='ocrx_word' id='word_1_68' title='bbox 1192 2583 1369 2664; x_wconf 77' lang='lat' dir='ltr'>diverfiepla-</span> 
     </span>
     <span class='ocr_line' id='line_1_12' title="bbox 395 2688 1368 2769; baseline -0.004 -15"><span class='ocrx_word' id='word_1_69' title='bbox 395 2717 429 2757; x_wconf 88' lang='lat' dir='ltr'>ne</span> <span class='ocrx_word' id='word_1_70' title='bbox 443 2694 520 2753; x_wconf 85' lang='lat' dir='ltr'>rebus</span> <span class='ocrx_word' id='word_1_71' title='bbox 533 2692 667 2761; x_wconf 80' lang='lat' dir='ltr'>arceffita3</span> <span class='ocrx_word' id='word_1_72' title='bbox 688 2690 764 2767; x_wconf 80' lang='lat' dir='ltr'><strong>cujus</strong></span> <span class='ocrx_word' id='word_1_73' title='bbox 775 2688 883 2769; x_wconf 88' lang='lat' dir='ltr'>quidem</span> <span class='ocrx_word' id='word_1_74' title='bbox 898 2690 937 2750; x_wconf 84' lang='lat' dir='ltr'>rei</span> <span class='ocrx_word' id='word_1_75' title='bbox 950 2691 1017 2750; x_wconf 89' lang='lat' dir='ltr'>bene</span> <span class='ocrx_word' id='word_1_76' title='bbox 1028 2710 1159 2753; x_wconf 79' lang='lat' dir='ltr'>memores</span> <span class='ocrx_word' id='word_1_77' title='bbox 1169 2693 1219 2751; x_wconf 81' lang='lat' dir='ltr'>effe</span> <span class='ocrx_word' id='word_1_78' title='bbox 1229 2692 1368 2764; x_wconf 80' lang='lat' dir='ltr'>debemus,</span> 
     </span>
     <span class='ocr_line' id='line_1_13' title="bbox 333 2795 1368 2878; baseline -0.001 -20"><span class='ocrx_word' id='word_1_79' title='bbox 333 2831 339 2842; x_wconf 81' lang='lat'><em>-</em></span> <span class='ocrx_word' id='word_1_80' title='bbox 395 2821 429 2862; x_wconf 86' lang='lat' dir='ltr'>ne</span> <span class='ocrx_word' id='word_1_81' title='bbox 439 2814 594 2878; x_wconf 84' lang='lat' dir='ltr'>argutemur</span> <span class='ocrx_word' id='word_1_82' title='bbox 606 2798 634 2856; x_wconf 88' lang='lat' dir='ltr'>in</span> <span class='ocrx_word' id='word_1_83' title='bbox 645 2796 828 2859; x_wconf 83' lang='lat' dir='ltr'>constituendo</span> <span class='ocrx_word' id='word_1_84' title='bbox 840 2795 1030 2858; x_wconf 80' lang='lat' dir='ltr'>sententiarum</span> <span class='ocrx_word' id='word_1_85' title='bbox 1041 2796 1259 2862; x_wconf 80' lang='lat' dir='ltr'>ordineetnexu.</span> <span class='ocrx_word' id='word_1_86' title='bbox 1277 2795 1368 2857; x_wconf 86' lang='lat' dir='ltr'>Etiam</span> 
     </span>
     <span class='ocr_line' id='line_1_14' title="bbox 395 2880 1460 2980; baseline -0.004 -17"><span class='ocrx_word' id='word_1_87' title='bbox 395 2903 485 2964; x_wconf 82' lang='lat' dir='ltr'>nostro</span> <span class='ocrx_word' id='word_1_88' title='bbox 496 2917 614 2980; x_wconf 85' lang='lat' dir='ltr'>tempore</span> <span class='ocrx_word' id='word_1_89' title='bbox 626 2902 683 2978; x_wconf 82' lang='lat' dir='ltr'>ejus</span> <span class='ocrx_word' id='word_1_90' title='bbox 693 2899 798 2977; x_wconf 85' lang='lat' dir='ltr'>generis</span> <span class='ocrx_word' id='word_1_91' title='bbox 811 2899 933 2958; x_wconf 87' lang='lat' dir='ltr'>carmina</span> <span class='ocrx_word' id='word_1_92' title='bbox 944 2901 1015 2979; x_wconf 83' lang='lat' dir='ltr'>apud</span> <span class='ocrx_word' id='word_1_93' title='bbox 1028 2899 1111 2958; x_wconf 73' lang='lat' dir='ltr'>Italoi</span> <span class='ocrx_word' id='word_1_94' title='bbox 1123 2898 1153 2958; x_wconf 91' lang='lat' dir='ltr'>in</span> <span class='ocrx_word' id='word_1_95' title='bbox 1164 2899 1251 2978; x_wconf 83' lang='lat' dir='ltr'>pretio</span> <span class='ocrx_word' id='word_1_96' title='bbox 1263 2880 1368 2966; x_wconf 62' lang='lat' dir='ltr'>heberi,</span> <span class='ocrx_word' id='word_1_97' title='bbox 1458 2893 1460 2898; x_wconf 61' lang='grc'>’</span> 
     </span>
    </p>
   </div>
   <div class='ocr_carea' id='block_1_5' title="bbox 395 3002 1369 3088">
    <p class='ocr_par' dir='ltr' id='par_1_6' title="bbox 395 3002 1369 3088">
     <span class='ocr_line' id='line_1_15' title="bbox 395 3002 1369 3088; baseline -0.001 -21"><span class='ocrx_word' id='word_1_98' title='bbox 395 3024 424 3067; x_wconf 83' lang='lat' dir='ltr'>et</span> <span class='ocrx_word' id='word_1_99' title='bbox 445 3006 548 3069; x_wconf 81' lang='lat' dir='ltr'>laudati</span> <span class='ocrx_word' id='word_1_100' title='bbox 570 3013 662 3085; x_wconf 77' lang='lat' dir='ltr'>po&#39;e&#39;tas</span> <span class='ocrx_word' id='word_1_101' title='bbox 687 3007 885 3085; x_wconf 82' lang='lat' dir='ltr'>Improvisatori,</span> <span class='ocrx_word' id='word_1_102' title='bbox 913 3003 1052 3084; x_wconf 82' lang='lat' dir='ltr'>Spencius,</span> <span class='ocrx_word' id='word_1_103' title='bbox 1080 3006 1188 3088; x_wconf 82' lang='lat' dir='ltr'>Anglus</span> <span class='ocrx_word' id='word_1_104' title='bbox 1210 3002 1369 3085; x_wconf 59' lang='lat' dir='ltr'>elegantiffi«</span> 
     </span>
    </p>
   </div>
   <div class='ocr_carea' id='block_1_6' title="bbox 273 3109 1370 3190">
    <p class='ocr_par' dir='ltr' id='par_1_7' title="bbox 273 3109 1370 3190">
     <span class='ocr_line' id='line_1_16' title="bbox 273 3109 1370 3190; baseline 0 -17"><span class='ocrx_word' id='word_1_105' title='bbox 273 3150 274 3153; x_wconf 61' lang='lat'><em>=</em></span> <span class='ocrx_word' id='word_1_106' title='bbox 396 3136 466 3182; x_wconf 88' lang='lat' dir='ltr'>mus,</span> <span class='ocrx_word' id='word_1_107' title='bbox 483 3112 542 3171; x_wconf 86' lang='lat' dir='ltr'><strong>Ecl.</strong></span> <span class='ocrx_word' id='word_1_108' title='bbox 557 3112 614 3169; x_wconf 88' lang='lat' dir='ltr'>VII</span> <span class='ocrx_word' id='word_1_109' title='bbox 627 3131 668 3190; x_wconf 85' lang='lat' dir='ltr'>pr.</span> <span class='ocrx_word' id='word_1_110' title='bbox 684 3111 799 3180; x_wconf 83' lang='lat' dir='ltr'>notavit,</span> <span class='ocrx_word' id='word_1_111' title='bbox 819 3113 924 3170; x_wconf 83' lang='lat' dir='ltr'>et&#39;nota</span> <span class='ocrx_word' id='word_1_112' title='bbox 936 3129 976 3169; x_wconf 80' lang='lat' dir='ltr'>res</span> <span class='ocrx_word' id='word_1_113' title='bbox 986 3111 1033 3171; x_wconf 83' lang='lat' dir='ltr'>est.</span> <span class='ocrx_word' id='word_1_114' title='bbox 1071 3110 1186 3169; x_wconf 80' lang='lat' dir='ltr'>Oceano</span> <span class='ocrx_word' id='word_1_115' title='bbox 1195 3109 1275 3187; x_wconf 85' lang='lat' dir='ltr'>hujm</span> <span class='ocrx_word' id='word_1_116' title='bbox 1285 3123 1370 3173; x_wconf 61' lang='lat' dir='ltr'>certas</span> 
     </span>
    </p>
   </div>
   <div class='ocr_carea' id='block_1_7' title="bbox 396 3215 1372 3398">
    <p class='ocr_par' dir='ltr' id='par_1_8' title="bbox 396 3215 1372 3398">
     <span class='ocr_line' id='line_1_17' title="bbox 396 3215 1371 3297; baseline -0.009 -16"><span class='ocrx_word' id='word_1_117' title='bbox 396 3221 478 3281; x_wconf 90' lang='lat' dir='ltr'>minis</span> <span class='ocrx_word' id='word_1_118' title='bbox 490 3236 583 3295; x_wconf 88' lang='lat' dir='ltr'>parum</span> <span class='ocrx_word' id='word_1_119' title='bbox 596 3216 713 3297; x_wconf 64' lang='lat' dir='ltr'>felicieer</span> <span class='ocrx_word' id='word_1_120' title='bbox 730 3237 745 3274; x_wconf 85' lang='lat' dir='ltr'>a</span> <span class='ocrx_word' id='word_1_121' title='bbox 758 3217 889 3276; x_wconf 88' lang='lat' dir='ltr'>conviciis</span> <span class='ocrx_word' id='word_1_122' title='bbox 903 3217 1004 3279; x_wconf 87' lang='lat' dir='ltr'>mutuis</span> <span class='ocrx_word' id='word_1_123' title='bbox 1014 3230 1042 3276; x_wconf 88' lang='lat' dir='ltr'>et</span> <span class='ocrx_word' id='word_1_124' title='bbox 1054 3216 1171 3295; x_wconf 81' lang='lat' dir='ltr'>probris,</span> <span class='ocrx_word' id='word_1_125' title='bbox 1182 3215 1280 3295; x_wconf 84' lang='lat' dir='ltr'>quibue</span> <span class='ocrx_word' id='word_1_126' title='bbox 1291 3215 1371 3275; x_wconf 74' lang='lat' dir='ltr'>sein-</span> 
     </span>
     <span class='ocr_line' id='line_1_18' title="bbox 396 3318 1372 3398; baseline -0.004 -17"><span class='ocrx_word' id='word_1_127' title='bbox 396 3322 482 3381; x_wconf 87' lang='lat' dir='ltr'>vicem</span> <span class='ocrx_word' id='word_1_128' title='bbox 500 3321 635 3395; x_wconf 81' lang='lat' dir='ltr'>laceffnnt,</span> <span class='ocrx_word' id='word_1_129' title='bbox 651 3319 764 3397; x_wconf 85' lang='lat' dir='ltr'>petitur,</span> <span class='ocrx_word' id='word_1_130' title='bbox 783 3320 812 3377; x_wconf 91' lang='lat' dir='ltr'>in</span> <span class='ocrx_word' id='word_1_131' title='bbox 832 3320 938 3398; x_wconf 82' lang='lat' dir='ltr'><strong>quibus·</strong></span> <span class='ocrx_word' id='word_1_132' title='bbox 948 3340 1003 3378; x_wconf 92' lang='lat' dir='ltr'>non</span> <span class='ocrx_word' id='word_1_133' title='bbox 1019 3320 1103 3380; x_wconf 92' lang='lat' dir='ltr'>modo</span> <span class='ocrx_word' id='word_1_134' title='bbox 1119 3319 1222 3380; x_wconf 79' lang='lat' dir='ltr'>honesti</span> <span class='ocrx_word' id='word_1_135' title='bbox 1235 3333 1264 3394; x_wconf 74' lang='lat' dir='ltr'>et</span> <span class='ocrx_word' id='word_1_136' title='bbox 1277 3318 1372 3380; x_wconf 90' lang='lat' dir='ltr'>decori</span> 
     </span>
    </p>
   </div>
   <div class='ocr_carea' id='block_1_8' title="bbox 290 3421 1379 3502">
    <p class='ocr_par' dir='ltr' id='par_1_9' title="bbox 290 3421 1379 3502">
     <span class='ocr_line' id='line_1_19' title="bbox 290 3421 1379 3502; baseline -0.003 -18"><span class='ocrx_word' id='word_1_137' title='bbox 290 3467 293 3471; x_wconf 92' lang='lat'><em>-</em></span> <span class='ocrx_word' id='word_1_138' title='bbox 397 3424 469 3484; x_wconf 84' lang='lat' dir='ltr'>nniia</span> <span class='ocrx_word' id='word_1_139' title='bbox 483 3421 551 3478; x_wconf 87' lang='lat' dir='ltr'>ratio</span> <span class='ocrx_word' id='word_1_140' title='bbox 565 3421 667 3490; x_wconf 84' lang='lat' dir='ltr'>habita,</span> <span class='ocrx_word' id='word_1_141' title='bbox 688 3441 781 3480; x_wconf 86' lang='lat' dir='ltr'>verum</span> <span class='ocrx_word' id='word_1_142' title='bbox 800 3443 834 3480; x_wconf 86' lang='lat' dir='ltr'>ne</span> <span class='ocrx_word' id='word_1_143' title='bbox 855 3423 892 3481; x_wconf 86' lang='lat' dir='ltr'>id¹</span> <span class='ocrx_word' id='word_1_144' title='bbox 909 3422 1030 3502; x_wconf 84' lang='lat' dir='ltr'>quidem,</span> <span class='ocrx_word' id='word_1_145' title='bbox 1048 3421 1123 3502; x_wconf 88' lang='lat' dir='ltr'>quod</span> <span class='ocrx_word' id='word_1_146' title='bbox 1134 3427 1221 3501; x_wconf 66' lang='lat' dir='ltr'>podtae</span> <span class='ocrx_word' id='word_1_147' title='bbox 1232 3441 1331 3482; x_wconf 82' lang='lat' dir='ltr'>nomen</span> <span class='ocrx_word' id='word_1_148' title='bbox 1343 3434 1379 3481; x_wconf 72' lang='lat' dir='ltr'>ee&#39;</span> 
     </span>
    </p>
   </div>
   <div class='ocr_carea' id='block_1_9' title="bbox 321 3521 1376 4433">
    <p class='ocr_par' dir='ltr' id='par_1_10' title="bbox 321 3521 1376 4433">
     <span class='ocr_line' id='line_1_20' title="bbox 396 3521 1373 3603; baseline 0 -20"><span class='ocrx_word' id='word_1_149' title='bbox 396 3540 519 3583; x_wconf 85' lang='lat' dir='ltr'>naturam</span> <span class='ocrx_word' id='word_1_150' title='bbox 539 3521 633 3591; x_wconf 85' lang='lat' dir='ltr'>efficit,</span> <span class='ocrx_word' id='word_1_151' title='bbox 653 3521 795 3600; x_wconf 67' lang='lat' dir='ltr'>{pedatum</span> <span class='ocrx_word' id='word_1_152' title='bbox 817 3525 863 3593; x_wconf 87' lang='lat' dir='ltr'>est,</span> <span class='ocrx_word' id='word_1_153' title='bbox 883 3538 913 3582; x_wconf 87' lang='lat' dir='ltr'>ut</span> <span class='ocrx_word' id='word_1_154' title='bbox 932 3533 987 3584; x_wconf 89' lang='lat' dir='ltr'>non</span> <span class='ocrx_word' id='word_1_155' title='bbox 1000 3524 1049 3583; x_wconf 83' lang='lat' dir='ltr'>nifi</span> <span class='ocrx_word' id='word_1_156' title='bbox 1062 3536 1181 3603; x_wconf 75' lang='lat' dir='ltr'>gra‘taeet</span> <span class='ocrx_word' id='word_1_157' title='bbox 1191 3525 1319 3602; x_wconf 65' lang='lat' dir='ltr'>jucundae</span> <span class='ocrx_word' id='word_1_158' title='bbox 1331 3542 1373 3583; x_wconf 72' lang='lat' dir='ltr'>rm</span> 
     </span>
     <span class='ocr_line' id='line_1_21' title="bbox 396 3603 1372 3707; baseline 0.001 -19"><span class='ocrx_word' id='word_1_159' title='bbox 396 3627 595 3689; x_wconf 81' lang='lat' dir='ltr'><strong>exhiberentur.</strong></span> <span class='ocrx_word' id='word_1_160' title='bbox 637 3625 698 3684; x_wconf 87' lang='lat' dir='ltr'>Nec</span> <span class='ocrx_word' id='word_1_161' title='bbox 711 3627 824 3685; x_wconf 88' lang='lat' dir='ltr'>omnino</span> <span class='ocrx_word' id='word_1_162' title='bbox 837 3626 941 3687; x_wconf 85' lang='lat' dir='ltr'>inventi</span> <span class='ocrx_word' id='word_1_163' title='bbox 953 3646 1052 3705; x_wconf 82' lang='lat' dir='ltr'>magna</span> <span class='ocrx_word' id='word_1_164' title='bbox 1068 3627 1126 3685; x_wconf 86' lang='lat' dir='ltr'>laus</span> <span class='ocrx_word' id='word_1_165' title='bbox 1142 3630 1192 3690; x_wconf 81' lang='lat' dir='ltr'>effe</span> <span class='ocrx_word' id='word_1_166' title='bbox 1203 3603 1297 3707; x_wconf 60' lang='lat' dir='ltr'>podest,</span> <span class='ocrx_word' id='word_1_167' title='bbox 1316 3648 1372 3690; x_wconf 90' lang='lat' dir='ltr'>non</span> 
     </span>
     <span class='ocr_line' id='line_1_22' title="bbox 321 3726 1373 3805; baseline 0.003 -17"><span class='ocrx_word' id='word_1_168' title='bbox 321 3751 324 3758; x_wconf 93' lang='lat'>·</span> <span class='ocrx_word' id='word_1_169' title='bbox 398 3730 481 3788; x_wconf 87' lang='lat' dir='ltr'>modo</span> <span class='ocrx_word' id='word_1_170' title='bbox 503 3728 532 3784; x_wconf 93' lang='lat' dir='ltr'>in</span> <span class='ocrx_word' id='word_1_171' title='bbox 554 3727 657 3785; x_wconf 88' lang='lat' dir='ltr'>summa</span> <span class='ocrx_word' id='word_1_172' title='bbox 679 3726 821 3795; x_wconf 79' lang='lat' dir='ltr'>carminis3</span> <span class='ocrx_word' id='word_1_173' title='bbox 841 3728 878 3783; x_wconf 87' lang='lat' dir='ltr'>est</span> <span class='ocrx_word' id='word_1_174' title='bbox 900 3726 974 3784; x_wconf 86' lang='lat' dir='ltr'>enim</span> <span class='ocrx_word' id='word_1_175' title='bbox 993 3727 1109 3804; x_wconf 80' lang='lat' dir='ltr'>petitum</span> <span class='ocrx_word' id='word_1_176' title='bbox 1130 3744 1319 3805; x_wconf 81' lang='lat' dir='ltr'>argumentum</span> <span class='ocrx_word' id='word_1_177' title='bbox 1336 3750 1373 3790; x_wconf 84' lang='lat' dir='ltr'>ex</span> 
     </span>
     <span class='ocr_line' id='line_1_23' title="bbox 399 3827 1372 3914; baseline 0 -24"><span class='ocrx_word' id='word_1_178' title='bbox 399 3831 642 3914; x_wconf 21' lang='lat' dir='ltr'>Theocritolldyll.</span> <span class='ocrx_word' id='word_1_179' title='bbox 655 3828 698 3886; x_wconf 95' lang='lat' dir='ltr'>IV</span> <span class='ocrx_word' id='word_1_180' title='bbox 711 3843 737 3888; x_wconf 85' lang='lat' dir='ltr'>et</span> <span class='ocrx_word' id='word_1_181' title='bbox 750 3829 796 3899; x_wconf 89' lang='lat' dir='ltr'>V;</span> <span class='ocrx_word' id='word_1_182' title='bbox 815 3849 906 3887; x_wconf 89' lang='lat' dir='ltr'>verum</span> <span class='ocrx_word' id='word_1_183' title='bbox 919 3841 946 3887; x_wconf 85' lang='lat' dir='ltr'>et</span> <span class='ocrx_word' id='word_1_184' title='bbox 959 3827 989 3887; x_wconf 91' lang='lat' dir='ltr'>in</span> <span class='ocrx_word' id='word_1_185' title='bbox 1000 3830 1231 3907; x_wconf 83' lang='lat' dir='ltr'>fingulisverfibus</span> <span class='ocrx_word' id='word_1_186' title='bbox 1239 3834 1372 3912; x_wconf 79' lang='lat' dir='ltr'>pastorum</span> 
     </span>
     <span class='ocr_line' id='line_1_24' title="bbox 396 3932 1374 4017; baseline 0.005 -24"><span class='ocrx_word' id='word_1_187' title='bbox 396 3935 448 3995; x_wconf 79' lang='lat' dir='ltr'>nbi</span> <span class='ocrx_word' id='word_1_188' title='bbox 468 3932 682 4010; x_wconf 74' lang='lat' dir='ltr'>respondentium</span> <span class='ocrx_word' id='word_1_189' title='bbox 694 3952 701 3989; x_wconf 75' lang='grc' dir='ltr'><strong>ε</strong></span> <span class='ocrx_word' id='word_1_190' title='bbox 722 3932 793 3990; x_wconf 91' lang='lat' dir='ltr'>nihil</span> <span class='ocrx_word' id='word_1_191' title='bbox 813 3933 884 3992; x_wconf 89' lang='lat' dir='ltr'>enim</span> <span class='ocrx_word' id='word_1_192' title='bbox 898 3932 928 3991; x_wconf 92' lang='lat' dir='ltr'>in</span> <span class='ocrx_word' id='word_1_193' title='bbox 940 3932 1053 4002; x_wconf 77' lang='lat' dir='ltr'>misen,</span> <span class='ocrx_word' id='word_1_194' title='bbox 1065 3936 1140 4012; x_wconf 90' lang='lat' dir='ltr'>quod</span> <span class='ocrx_word' id='word_1_195' title='bbox 1152 3938 1268 3996; x_wconf 81' lang='lat' dir='ltr'>naturali</span> <span class='ocrx_word' id='word_1_196' title='bbox 1279 3938 1374 4017; x_wconf 80' lang='lat' dir='ltr'>aliquo</span> 
     </span>
     <span class='ocr_line' id='line_1_25' title="bbox 398 4034 1374 4121; baseline 0.003 -24"><span class='ocrx_word' id='word_1_197' title='bbox 398 4036 587 4099; x_wconf 76' lang='lat' dir='ltr'>sententiarum</span> <span class='ocrx_word' id='word_1_198' title='bbox 607 4036 701 4093; x_wconf 86' lang='lat' dir='ltr'>ordine</span> <span class='ocrx_word' id='word_1_199' title='bbox 719 4036 839 4121; x_wconf 67' lang='lat' dir='ltr'>viniinm</span> <span class='ocrx_word' id='word_1_200' title='bbox 857 4034 913 4094; x_wconf 87' lang='lat' dir='ltr'>vim</span> <span class='ocrx_word' id='word_1_201' title='bbox 928 4037 963 4094; x_wconf 87' lang='lat' dir='ltr'>ad</span> <span class='ocrx_word' id='word_1_202' title='bbox 982 4036 1102 4095; x_wconf 86' lang='lat' dir='ltr'>animum</span> <span class='ocrx_word' id='word_1_203' title='bbox 1115 4038 1221 4098; x_wconf 82' lang='lat' dir='ltr'>habeat.</span> <span class='ocrx_word' id='word_1_204' title='bbox 1260 4040 1374 4120; x_wconf 85' lang='lat' dir='ltr'>Singula</span> 
     </span>
     <span class='ocr_line' id='line_1_26' title="bbox 398 4135 1375 4219; baseline 0 -19"><span class='ocrx_word' id='word_1_205' title='bbox 398 4139 511 4200; x_wconf 85' lang='lat' dir='ltr'>disticha</span> <span class='ocrx_word' id='word_1_206' title='bbox 523 4137 583 4195; x_wconf 85' lang='lat' dir='ltr'>sunt</span> <span class='ocrx_word' id='word_1_207' title='bbox 596 4138 699 4214; x_wconf 88' lang='lat' dir='ltr'>smgula</span> <span class='ocrx_word' id='word_1_208' title='bbox 711 4137 829 4196; x_wconf 88' lang='lat' dir='ltr'>carmina</span> <span class='ocrx_word' id='word_1_209' title='bbox 837 4162 845 4207; x_wconf 94' lang='lat'>;</span> <span class='ocrx_word' id='word_1_210' title='bbox 865 4136 952 4216; x_wconf 85' lang='lat' dir='ltr'>scopae</span> <span class='ocrx_word' id='word_1_211' title='bbox 971 4136 1072 4197; x_wconf 79' lang='lat' dir='ltr'><strong>solutae.</strong></span> <span class='ocrx_word' id='word_1_212' title='bbox 1111 4135 1155 4198; x_wconf 90' lang='lat' dir='ltr'>De</span> <span class='ocrx_word' id='word_1_213' title='bbox 1167 4152 1286 4219; x_wconf 86' lang='lat' dir='ltr'>tempore</span> <span class='ocrx_word' id='word_1_214' title='bbox 1295 4142 1375 4219; x_wconf 78' lang='lat' dir='ltr'><strong>hujus</strong></span> 
     </span>
     <span class='ocr_line' id='line_1_27' title="bbox 398 4242 1376 4326; baseline 0.005 -25"><span class='ocrx_word' id='word_1_215' title='bbox 398 4242 524 4301; x_wconf 85' lang='lat' dir='ltr'>carminis</span> <span class='ocrx_word' id='word_1_216' title='bbox 537 4263 564 4301; x_wconf 91' lang='lat' dir='ltr'>v.</span> <span class='ocrx_word' id='word_1_217' title='bbox 573 4242 640 4300; x_wconf 85' lang='lat' dir='ltr'>Vita</span> <span class='ocrx_word' id='word_1_218' title='bbox 653 4242 754 4321; x_wconf 79' lang='lat' dir='ltr'>virgil.</span> <span class='ocrx_word' id='word_1_219' title='bbox 768 4263 792 4301; x_wconf 85' lang='lat' dir='ltr'>a.</span> <span class='ocrx_word' id='word_1_220' title='bbox 807 4263 838 4321; x_wconf 84' lang='lat'>7¹</span> <span class='ocrx_word' id='word_1_221' title='bbox 849 4265 873 4301; x_wconf 90' lang='lat'>1.</span> <span class='ocrx_word' id='word_1_222' title='bbox 886 4244 924 4302; x_wconf 82' lang='lat' dir='ltr'>ci.</span> <span class='ocrx_word' id='word_1_223' title='bbox 936 4264 1001 4322; x_wconf 83' lang='lat'><strong>709.</strong></span> <span class='ocrx_word' id='word_1_224' title='bbox 1032 4242 1135 4323; x_wconf 82' lang='lat' dir='ltr'>Agitur</span> <span class='ocrx_word' id='word_1_225' title='bbox 1146 4264 1186 4308; x_wconf 75' lang='lat' dir='ltr'>nes</span> <span class='ocrx_word' id='word_1_226' title='bbox 1197 4245 1268 4307; x_wconf 85' lang='lat' dir='ltr'>inter</span> <span class='ocrx_word' id='word_1_227' title='bbox 1278 4246 1376 4326; x_wconf 74' lang='lat' dir='ltr'>pascua</span> 
     </span>
     <span class='ocr_line' id='line_1_28' title="bbox 399 4348 1108 4433; baseline 0.006 -25"><span class='ocrx_word' id='word_1_228' title='bbox 399 4365 426 4412; x_wconf 82' lang='lat' dir='ltr'>et</span> <span class='ocrx_word' id='word_1_229' title='bbox 437 4366 531 4433; x_wconf 81' lang='lat' dir='ltr'>greges</span> <span class='ocrx_word' id='word_1_230' title='bbox 543 4366 590 4425; x_wconf 82' lang='lat' dir='ltr'>per</span> <span class='ocrx_word' id='word_1_231' title='bbox 602 4367 680 4428; x_wconf 84' lang='lat' dir='ltr'>agros</span> <span class='ocrx_word' id='word_1_232' title='bbox 691 4366 803 4427; x_wconf 82' lang='lat' dir='ltr'>gramen</span> <span class='ocrx_word' id='word_1_233' title='bbox 815 4362 960 4430; x_wconf 67' lang='lat' dir='ltr'>cerpentes.</span> <span class='ocrx_word' id='word_1_234' title='bbox 971 4348 1007 4407; x_wconf 82' lang='lat' dir='ltr'>cf.</span> <span class='ocrx_word' id='word_1_235' title='bbox 1021 4368 1048 4406; x_wconf 81' lang='lat' dir='ltr'>v·</span> <span class='ocrx_word' id='word_1_236' title='bbox 1062 4368 1077 4426; x_wconf 87' lang='lat'><em>5</em></span> <span class='ocrx_word' id='word_1_237' title='bbox 1081 4369 1108 4427; x_wconf 67' lang='grc' dir='ltr'>ς,</span> 
     </span>
    </p>
   </div>
   <div class='ocr_carea' id='block_1_10' title="bbox 0 0 1801 5509">
    <p class='ocr_par' dir='ltr' id='par_1_11' title="bbox 0 0 1801 5509">
     <span class='ocr_line' id='line_1_29' title="bbox 0 0 1801 5509; baseline 0 0"><span class='ocrx_word' id='word_1_238' title='bbox 0 0 1801 5509; x_wconf 95' lang='lat' dir='ltr'> </span> 
     </span>
    </p>
   </div>
  </div>
 </body>
</html>
