3575 5509
460 678 584 758 urs
607 678 648 754 P.
675 643 893 754 muurnn
916 676 1157 755 Minurus
1186 673 1342 757 omni

358 889 435 967 quod
446 886 706 957 maximestudebat,
732 886 866 947 Romana
884 884 962 946 fimul
977 886 1052 946 urbis
1070 902 1099 948 et
1120 881 1344 969 Augusti‘origo,

357 980 555 1037 contineretur.
650 969 659 986 '
1013 1002 1015 1007 ·
1344 1003 1346 1007 ·

351 1134 357 1142 .
396 1067 452 1124 IX.
484 1067 560 1123 Cum
586 1066 728 1145 Georgica
750 1066 888 1133 scriberet,
928 1068 1046 1125 traditur
1075 1067 1198 1145 quotidie
1229 1066 1350 1124 medita·-·
1362 1090 1398 1149 33

357 1167 490 1214 rosmane
513 1154 647 1231 plurimos
675 1154 765 1212 versus
790 1155 892 1213 disiare
911 1154 1017 1224 solitus,
1037 1175 1069 1213 ac
1091 1174 1138 1233 per
1158 1170 1244 1213 toturn
1266 1154 1340 1212 diem

356 1243 526 1301 retrasiando
549 1245 585 1300 ad
616 1243 783 1321 paucissimos
806 1243 939 1321 redigere,
964 1265 1021 1301 non
1045 1242 1159 1301 absurde
1180 1262 1289 1310 carmen
1314 1243 1341 1300 se

294 1371 298 1379 ι
356 1332 425 1391 ursae
458 1350 535 1390 more
566 1351 660 1409 parere
691 1330 795 1399 dicens,
826 1344 854 1389 et
884 1331 1030 1389 lambendo
1061 1332 1173 1388 demum
1203 1330 1340 1407 effingere.

322 1478 324 1481 ,
356 1420 474 1479 AEneida
494 1408 574 1497 prosa
600 1420 674 1497 prius
699 1420 821 1485 oratione
841 1420 997 1491 formatam,
1017 1421 1200 1500 digestamque
1224 1420 1254 1477 in
1281 1418 1342 1477 XII
1361 1398 1399 1457 34

354 1509 454 1580 libros,·
479 1508 664 1587 particulatim
686 1529 848 1589 componere
872 1511 1001 1582 instituit,
1027 1527 1057 1571 ut
1080 1510 1193 1588 quidam
1218 1508 1339 1578 tradunt.

349 1593 418 1659 ‘Atii
451 1602 508 1677 ejus
536 1598 672 1658 sententia
703 1601 774 1670 sunt,
810 1618 840 1659 ut
872 1601 1039 1671 existiment,
1069 1621 1146 1669 cum,
1178 1600 1198 1658 fi
1236 1600 1340 1658 diutius
1360 1610 1395 1670 35

319 1703 324 1713 ¹
353 1689 475 1759 vixisset,
508 1705 622 1767 quatuor
637 1704 665 1747 et
677 1690 788 1768 viginti
803 1691 888 1749 libros
920 1690 1058 1770 usquead
1079 1690 1196 1770 Augusti
1220 1704 1341 1769 tempora

352 1776 530 1855 scripturum,
558 1791 640 1856 atque
664 1778 718 1835 alia
737 1780 863 1856 quadarn
889 1779 1096 1857 percursumm3
1130 1779 1247 1857 Augusti
1276 1798 1343 1837 vero

354 1866 428 1945 gesta
453 1865 653 1943 diligentisfime
673 1867 880 1925 exsecuturum:
902 1866 1004 1945 quippe
1028 1867 1089 1943 qui,
1114 1867 1181 1924 dum
1202 1866 1341 1930 scriberet.

306 1954 309 1965 ’
352 1956 467 2032 nequid
488 1955 622 2033 impetum
637 1962 799 2021 moraretur,
819 1954 944 2032 quaedam
963 1955 1120 2034 irnpersesia
1139 1955 1269 2031 reliquit;
1289 1954 1343 2012 alia

352 2042 497 2101 levissimus
515 2044 635 2100 versibus
646 2043 732 2099 ueluti
744 2044 837 2100 sulfit:
858 2064 928 2122 quos
940 2064 988 2121 per
997 2044 1093 2119 jocum
1116 2062 1165 2120 pro
1187 2043 1285 2121 tigillis
1299 2046 1343 2102 vel

341 2131 518 2216 ⁸tibicinibus
530 2130 671 2207 interponi
683 2151 699 2187 a
713 2131 738 2187 se
749 2132 870 2200 dicebat,
890 2132 926 2189 ad
946 2130 1128 2189 sustinendum
1147 2150 1227 2209 opus,
1253 2130 1342 2187 donec

351 2218 596 2282 solidaecolutnnae
609 2218 781 2278 advenirent.
879 2275 881 2279 Α
1245 2245 1248 2249 Δ

333 2373 337 2377 ,
392 2307 431 2367 ls.
454 2307 583 2366 Bucolica
608 2307 726 2366 triennio
753 2308 841 2367 Asinii
864 2308 996 2368 Pollionis
1019 2307 1094 2366 suasu
1113 2298 1238 2388 perfecit.
1280 2307 1340 2364 Hic
1362 2306 1399 2380 36
1441 2343 1447 2348 -

356 2397 584 2476 Transpadanam
616 2396 785 2483 propinciam
818 2399 945 2476 regebat3
975 2399 1051 2474 cujus
1076 2398 1178 2467 favore,
1210 2417 1273 2455 cum
1298 2418 1344 2456 ve-

349 2487 451 2545 teranis
471 2486 588 2564 Augusti
607 2483 741 2545 militibus
756 2488 978 2555 Cremonensium
1001 2503 1029 2547 et
1048 2487 1269 2545 Mantuanorum·
1282 2488 1342 2565 agri
1384 2521 1388 2528 ·

349 2577 584 2641 distribuerentur,
605 2576 665 2633 suos
684 2576 819 2654 Virgilius
844 2597 901 2636 non
921 2577 1019 2636 amisit.
1060 2575 1141 2635 Fasta
1160 2576 1235 2634 enim
1247 2574 1340 2633 distri-

351 2662 482 2733 butione,
508 2661 580 2747 suos,
614 2658 659 2744 seu
691 2665 811 2723 Claudio
844 2665 889 2723 seu
922 2665 1008 2723 Arrio
1040 2666 1129 2733 datos,
1162 2664 1340 2742 recuperavit.

350 2752 438 2811 Hunc
454 2752 621 2811 fallionem
642 2753 761 2811 maxime
793 2755 893 2811 amavit
923 2755 1017 2821 Maro,
1047 2769 1075 2813 ct
1106 2754 1219 2813 dilestus
1247 2753 1283 2811 ab
1308 2773 1342 2811 eo
1362 2750 1398 2810 37

350 2863 450 2923 magna
465 2861 577 2900 munera
595 2842 669 2902 tulit.
712 2842 823 2921 Qippe
845 2845 893 2921 qui
919 2844 1048 2903 invitatus
1076 2844 1112 2901 ad
1139 2864 1257 2910 coenam,
1278 2863 1343 2921 cap-

348 2950 391 2995 tus
421 2931 628 3013 pulchritudine
662 2947 689 2990 et
712 2932 873 3012 diligentia,
889 2933 1054 3002 Alexandri,
1090 2926 1225 2991 Pollionis
1253 2932 1343 3011 pueri,
1420 2937 1424 2941 '

344 3145 444 3195 sparum
457 3128 560 3193 Virgilius
570 3123 703 3196 impct'raffla,
713 3128 738 3175 sir
748 3128 820 3194 estex·
870 3126 989 3190 Qrinffll.
999 3126 1055 3174 lnst.
1066 3128 1101 3183 X,
1110 3140 1135 3187 3,
1146 3124 1283 3189 8Virgidum
1293 3137 1345 3189 qao·

345 3208 393 3243 orta
406 3194 586 3259 definiburinter
602 3211 647 3239 eum
661 3208 731 3250 attor,
744 3196 782 3257 qui
799 3198 820 3241 in
869 3213 910 3259 que
921 3193 1049 3259 paucrffimar
1068 3192 1102 3240 die
1123 3189 1245 3259 composuffe
1262 3190 1346 3257 versia,

342 3261 438 3325 proximo
453 3276 515 3323 agros
536 3270 669 3322 acceperant;
698 3258 819 3323 exquibus
868 3260 976 3323 aussorest
991 3261 1070 3306 Varus.
1342 3258 1345 3263 Χ

346 3324 430 3373 Clodius
450 3322 535 3387 quidam
551 3322 615 3374 dixit.
628 3323 653 3387 se
671 3341 746 3370 amnem
764 3325 820 3370 atem
904 3325 923 3386 §-
947 3339 985 3383 34.
1015 3338 1040 3371 ur
1061 3322 1147 3389 quidam
1166 3320 1271 3374 madunt,-
1296 3318 1343 3367 im-

344 3402 506 3454 amputarurum
518 3389 625 3452 intersitio
637 3390 742 3453 Virgilio.-
760 3405 820 3453 quem
871 3386 1032 3451 pudentiffimi
1044 3388 1154 3452 profesio
1166 3386 1284 3443 homines,
1300 3384 1342 3448 qui

341 3453 484 3520 po'e'tajirisia
500 3452 571 3517 gladia
583 3452 608 3518 se
619 3451 751 3519 insequentem
755 3455 821 3517 sugit
870 3452 948 3500 infimi
969 3453 1070 3501 subsellii
1085 3451 1210 3517 po'e'tastris
1228 3450 1342 3499 ufitatum

345 3522 367 3568 ia
389 3518 500 3565 tabernam
517 3516 667 3573 carbonariam,
689 3532 710 3566 et
728 3519 822 3582 beneficio
870 3533 965 3566 morem
985 3530 1052 3566 tanto
1072 3520 1150 3582 po'e'tae
1168 3516 1273 3565 tribuere
1293 3516 1342 3563 auli

344 3580 819 3648 iifiirorirexaliapartcemiffiarservatusest.
869 3583 932 3631 stitit.
967 3586 1001 3631 At
1018 3583 1077 3631 illud
1092 3584 1165 3631 etiam
1182 3580 1297 3639 insalfius,
1311 3582 1343 3629 ad

345 3645 479 3695 Milienum
497 3647 618 3692 Toronem
637 3647 821 3713 (centurionem)
870 3650 957 3695 XXlV
969 3664 1025 3696 eum
1043 3648 1116 3696 libros
1133 3646 1264 3695 AEneidem
1275 3646 1343 3695 fuisse

362 3709 524 3774 rimipilnem
551 3726 564 3755 e
593 3711 673 3757 Probo
703 3723 822 3759 memorat
869 3713 1059 3776 perducturum
1086 3712 1151 3777 quasi
1170 3713 1199 3762 de
1219 3711 1345 3759 annalibus

342 3728 469 3891 ιξφιηὶοιι.
506 3772 569 3832 Sab,
587 3774 767 3823 'Mancinellus
797 3788 822 3825 et
870 3778 1095 3889 ageretqlrslecpt
1117 3790 1198 3890 tgrqqn
1220 3778 1266 3888 lsroc
1285 3778 1344 3889 {lp-

292 3855 294 3865 ¹
367 3857 393 3887 n.
905 3858 945 3889 eus
981 3859 1056 3896 eius,
1091 3859 1151 3889 aue
1178 3858 1207 3898 ts,
1231 3858 1271 3893 aec.
1337 3876 1345 3898 ‚

377 3906 398 3967 q.
430 3916 471 3964 33.
506 3902 583 3952 Facile
616 3915 725 3966 apparet,
759 3905 820 3964 haec,
869 3859 910 3970 gui
932 3857 1107 3954 Xlllglibrnm
1130 3906 1228 3954 AEneidi
1250 3907 1345 3971 adjecit,

342 3986 398 4034 quae
417 3970 574 4031 sequunture
591 3971 714 4017 variorum
732 3973 821 4023 Grani·
868 3988 941 4034 quem
950 3971 1002 4035 jam
1013 3972 1036 4017 in
1049 3973 1086 4018 ed.
1103 3972 1193 4019 Adami
1206 3974 1263 4018 Rot.
1279 3984 1342 4032 1471

342 4038 491 4084 maritorum
514 4032 561 4079 live
578 4032 673 4095 judiciis
692 4034 739 4082 sive
754 4052 820 4084 com·
869 4048 893 4084 ct
910 4036 967 4083 hinc
989 4037 1014 4083 in
1033 4036 1115 4084 multis
1137 4036 1282 4084 editionibus
1303 4052 1344 4083 ex·

343 4099 434 4149 mentis
445 4096 493 4144 elle
503 4098 670 4146 consarcinata.
869 4100 974 4165 pressum
1002 4104 1114 4165 reperias.
1154 4101 1216 4149 cons.
1239 4103 1345 4151 Ahaazit

374 4164 433 4231 ursa
442 4180 504 4208 more.
537 4160 601 4212 Gell.
612 4164 694 4220 XVII,
709 4178 739 4212 10
750 4166 822 4214 Amici
870 4169 967 4214 oeuvres
978 4166 1034 4214 Vol.
1048 4169 1077 4215 ll.
1361 4171 1364 4176 '

336 4223 503 4297 familiaresque
513 4228 543 4274 P.
556 4230 644 4292 Virgilii
655 4232 675 4277 in
686 4232 727 4286 hir,
737 4232 822 4296 quade
903 4232 923 4293 q.
956 4230 994 4291 36.
1021 4229 1121 4280 Boiaiica
1142 4228 1298 4279 triennio-Sic
1321 4238 1347 4276 et

343 4298 425 4360 ingenio
436 4291 564 4405 quoiusque
580 4295 624 4402 qai
640 4299 741 4346 memoria
752 4298 822 4344 tradi·
871 4296 964 4343 Phocas
975 4313 997 4343 v.
1012 4311 1026 4359 9
1027 4312 1041 4356 5
1055 4297 1107 4361 sqq.
1123 4312 1149 4342 v.
1163 4296 1208 4345 ins.
1220 4294 1304 4341 Vitam
1314 4289 1346 4347 nd

334 4360 448 4490 siervuc'iiiir
458 4356 822 4487 ἷιῖὶἴςιζζιὶἳτῖξῇἲιῗέαζῖἰι
870 4378 891 4410 ὃ·
904 4360 976 4489 §7¹3¹
995 4426 1122 4476 Alexandri
1129 4424 1213 4489 msup.
1230 4423 1250 4486 §-
1264 4435 1303 4473 20·

1271 4487 1293 4552 i·
1306 4484 1348 4549 ³8·
