3575 5509
590 681 957 760 ‘CODICIBUS
1001 688 1111 768 MSS.
1257 625 1351 769 'rxxr

366 888 541 963 intractu
575 886 782 961 Franconiae
822 889 1137 988 Steigerwaldenfi.
1189 890 1345 967 Criticus
1395 903 1397 910 ’

366 1015 444 1087 usus
460 1014 593 1087 codicis
611 1032 673 1085 aut
688 1014 806 1084 nullus
822 1033 882 1084 aut
903 1016 1051 1110 exiguus
1072 1015 1144 1098 est;
1179 1038 1263 1087 cum
1287 1018 1346 1089 in.

361 1136 468 1211 docte
477 1136 627 1230 scriptus
639 1158 705 1207 nec
718 1138 837 1211 minus
846 1136 989 1209 indocte
999 1138 1171 1210 correctus
1186 1155 1221 1209 et
1235 1139 1345 1211 inter-

364 1261 503 1357 polatus
530 1260 574 1333 fit
601 1285 622 1330 a
645 1259 820 1354 pluribus.
874 1258 1019 1332 Varians
1046 1259 1345 1355 utique³leclioe

363 1384 473 1456 meris
490 1382 587 1453 vitiis
611 1406 730 1478 pravae
756 1382 941 1480 'scripturae
970 1384 1128 1467 constar;
1153 1406 1198 1472 et,
1224 1386 1250 1456 fi
1274 1408 1344 1480 qua

274 1514 276 1518 ’
362 1503 413 1577 est
429 1503 621 1575 tolerabilis
635 1503 755 1592 lectio,
772 1522 833 1577 aut
848 1530 891 1578 ex
909 1529 1026 1577 errore
1043 1529 1122 1577 eam
1143 1508 1342 1603 profectam

362 1627 430 1711 elle
447 1628 549 1699 facile
563 1628 783 1725 intelligitur,
807 1648 867 1701 aut
883 1626 964 1727 jam
989 1653 1032 1702 ex
1059 1629 1137 1701 aliis
1156 1629 1263 1702 codd.
1281 1608 1342 1700 illa

363 1752 414 1825 est
429 1770 578 1825 enotata.
618 1789 621 1794 ·
962 1843 964 1846 Υ
1169 1829 1175 1838 ,

347 1954 355 1967 .
393 1873 554 1950 'Oblitus
570 1874 648 1949 sum
680 1899 836 1963 monere,
862 1878 970 1979 eriam
1001 1878 1223 1960 Brunckium
1247 1900 1348 1954 trac-1

356 1996 441 2069 talle
473 1996 660 2081 codicem;
686 2000 825 2089 vetustas
849 1999 1017 2095 probaque
1040 2016 1119 2072 notae
1145 2005 1342 2075 membranas

358 2122 518 2218 appellat
535 2121 621 2217 ipse,
646 2120 837 2193 seminarii
850 2120 1075 2218 Episcopalis
1090 2125 1187 2195 urbis
1203 2126 1343 2221 Argen.-

344 2245 555 2318 'toratenfis
611 2244 947 2319 Memorabiliorem
969 2248 1126 2344 aliquam
1154 2250 1342 2326 lectionem

360 2392 405 2452 ex
435 2390 477 2437 eo
497 2368 649 2463 proferri
675 2391 747 2438 non
777 2368 939 2439 memini.
990 2368 1023 2439 E
1052 2370 1209 2466 quinque
1234 2370 1339 2446 codd.

356 2491 613 2566 Hafnienfibus
630 2494 779 2565 varietas
796 2507 937 2563 enotata
956 2492 1005 2564 est
1019 2518 1039 2566 a
1057 2493 1173 2566 Voffio
1192 2495 1236 2567 V.
1253 2496 1296 2569 C.

702 2697 998 2745 m

407 2862 585 2937 Codicum
610 2860 904 2957 Virgilianorum,
927 2860 989 2955 qui
1017 2862 1147 2948 nondum
1175 2888 1243 2936 cum
1260 2866 1338 2936 vul-

294 3078 296 3081 ·
351 2988 606 3084 galascriptura
629 2986 854 3081 compararim
878 2981 1107 3055 bibliothecis
1136 2984 1259 3079 pallrm
1286 2986 1338 3057 la.-

356 3129 445 3199 tent,
467 3111 685 3183 incredibilis
702 3133 903 3182 numerose
924 3105 1225 3178 bibliothecarum
1240 3125 1339 3187 cata.

355 3237 449 3334 logis
465 3238 694 3335 virorumque
710 3238 897 3309 doctorum
918 3231 1184 3306 commentariis
1202 3232 1336 3304 excita-

356 3359 388 3436 ri
420 3359 523 3433 facile
554 3360 667 3457 pollrt.
724 3360 929 3432 Maximam
958 3376 1077 3429 tamen
1110 3373 1248 3450 partem
1274 3358 1336 3430 vix
1442 3453 1448 3471 .

357 3483 467 3579 digna
482 3487 572 3574 funt,
597 3489 634 3562 in
658 3488 787 3583 quibus
813 3484 1035 3558 conferendis
1059 3482 1191 3552 bonam
1209 3481 1336 3558 horam
1420 3530 1422 3533 >

356 3606 496 3701 perdas.
553 3608 612 3680 Ad
638 3602 804 3703 pueriles
820 3606 919 3677 enim
945 3621 981 3676 ct
1008 3601 1228 3681 scholasticos
1254 3600 1335 3682 usus

355 3725 517 3822 plerique
531 3729 628 3800 fuere
642 3728 782 3824 scripti,·
792 3724 955 3822 inprimis
970 3721 1221 3794 Bucolicorum
1235 3719 1339 3792 codi-

354 3873 427 3922 ces.
468 3852 593 3950 Itaque
617 3854 734 3925 nullus
759 3854 908 3924 omnino
942 3851 1074 3923 fructus
1099 3846 1182 3919 inde
1206 3866 1337 3939 expec-

355 3970 528 4047 tandus*.
596 3974 793 4073 I'ndignum
819 3994 940 4047 autem
971 3973 1093 4046 studiis
1114 3971 1181 4056 his,
1205 3965 1336 4063 quibus

350 4090 535 4195 judicium
552 4115 588 4169 et
611 4097 725 4170 sensus
748 4099 827 4171 acui
844 4098 1009 4184 debebat,
1034 4096 1189 4190 stupores
1207 4088 1337 4158 barba·
1368 4101 1370 4106 ’
1468 4076 1471 4086 “

354 4237 479 4289 rorum
495 4220 753 4301 monachorum
772 4219 935 4319 religiose
951 4238 1104 4307 enotare,
1120 4234 1156 4287 et
1172 4236 1244 4282 non
1260 4225 1335 4279 tam
1434 4250 1436 4255 -
1452 4209 1454 4214 ’

394 4413 513 4477 {vtae
529 4438 555 4475 v.
576 4439 600 4480 c.
621 4419 689 4479 var.
705 4379 781 4494 tea.
798 4440 814 4478 e
833 4421 909 4498 coa.
929 4418 1097 4478 palasano
1117 4432 1160 4491 ap.
1182 4404 1337 4487 unguo.

353 4506 527 4586 Nasbtichten
536 4530 587 4576 zur
599 4511 766 4589 &leber-uad
774 4510 937 4588 Munalunde
949 4508 989 4568 II.
1003 4507 1061 4568 Th.
1078 4506 1161 4582 1782·
1189 4599 1196 4612 .
1264 4596 1271 4609 .

1124 4613 1346 4702 variantrpm
