3575 5509
375 614 408 638 ²
452 689 588 763 ixian
661 771 664 775 ι
708 677 797 755 DE
847 671 1176 752 VIRGILII

452 861 565 955 ruroque
576 874 784 955 disputantibus.
826 875 988 934 Accuratius
1000 894 1082 953 quam
1095 872 1185 931 caeteri
1197 874 1232 930 de
1242 873 1276 931 iis
1285 875 1344 951 egit
1358 867 1437 933 abb.

453 966 602 1025 Baruffaldi
616 966 761 1043 iiiografia
776 965 906 1038 Frrrarese
928 981 1053 1040 pag.'14
1072 961 1113 1039 sq.
1162 963 1253 1019 Prima
1273 962 1310 1019 est
1323 960 1438 1043 'Veneta

453 1052 605 1113 Baldarseri
615 1052 830 1109 Ratilboneusts:

494 1143 584 1199 Servii
593 1139 687 1198 Mauri
700 1138 837 1196 Honorati
849 1140 874 1194 C
874 1146 1029 1195 ommentarii
1038 1147 1064 1193 in
1080 1133 1214 1215 Virgilium
1222 1153 1271 1214 per
1284 1138 1309 1194 C
1309 1136 1441 1217 brfiophu-

454 1245 512 1287 runt
522 1226 664 1305 Basdarfer
679 1229 873 1305 Ratrsponrnsem
885 1224 1032 1299 (Veneriis)
1316 1224 1338 1284 f.
1355 1248 1443 1307 ¹47¹·

494 1306 555 1371 Vid
569 1313 709 1371 Maittaire
729 1314 766 1369 T.
788 1314 814 1382 1,
827 1333 855 1389 p.
870 1330 920 1391 92,
939 1326 967 1367 et
991 1311 1138 1371 Baruffaldi
1150 1335 1178 1392 p.
1200 1335 1245 1393 17·
1284 1313 1391 1372 Eadem
1409 1304 1442 1373 in·

455 1402 592 1462 Biblioth'.
613 1396 710 1460 Sm‘itb.
728 1422 792 1480 pag.
812 1399 1059 1459 CCCCXXXIX
1081 1419 1256 1472 memoratur,
1274 1400 1442 1460 sedadmix·

457 1490 493 1548 tis
511 1487 659 1557 erroribus,
687 1503 754 1566 quos
776 1487 923 1545 Baruffaldi
947 1487 1054 1546 refellit.
1104 1488 1148 1546 Ex
1165 1491 1282 1548 versibus
1299 1489 1442 1551 subfinem

458 1577 583 1655 subjesiis
595 1576 769 1654 intelligitur,
789 1576 912 1632 Servium
925 1594 940 1631 a
954 1578 1030 1652 Bapt.
1043 1578 1158 1635 Guarino
1177 1577 1246 1635 ofim
1258 1577 1443 1651 emendatum,

459 1667 544 1725 afilio
557 1679 644 1723 autem
657 1666 685 1721 in
698 1666 786 1722 lucem
798 1663 904 1721 editum
921 1663 981 1720 esse.
1033 1662 1138 1723 Eodem
1150 1684 1221 1723 anno
1234 1664 1319 1724 altera
1330 1657 1444 1744 prodiit,

459 1753 578 1831 ejusdem
602 1750 751 1810 Baldarseri
769 1749 904 1827 impensis,
937 1752 1027 1806 Ser-vii
1043 1752 1115 1808 editio
1137 1752 1261 1812 Veneriis
1280 1780 1299 1813 a
1317 1756 1445 1816 ludovico

461 1842 578 1901 Carbone
589 1842 730 1908 amendata,
750 1853 779 1895 ut
790 1854 825 1895 ex
838 1835 953 1895 disticho
964 1838 1069 1913 adjesio
1082 1838 1263 1918 intelligitur:
1283 1840 1341 1899 vid.
1355 1834 1446 1899 Mait-v

461 1930 530 1988 taire
549 1949 576 2006 p.
599 1940 665 2004 303,
685 1943 712 1984 et
732 1927 817 1985 Tom.
838 1924 864 1991 I,
883 1945 912 2001 p.
932 1945 980 2001 9²·
1020 1926 1137 1983 Oilandi
1157 1948 1184 2004 p.
1207 1947 1255 2003 23,
1268 1927 1394 1986 de'Bure
1412 1951 1443 1988 ιι.

464 2021 552 2096 2671,
578 2031 606 2073 et
618 2016 666 2093 qui
678 2014 770 2093 primo·
782 2014 844 2070 loco
856 2012 1043 2079 consulendus,
1064 2013 1211 2072 Baruffaldi
1224 2036 1252 2093 p.
1268 2036 1311 2094 19·
1351 2017 1446 2074 Alter-

465 2116 526 2161 utra
555 2122 589 2174 ex
619 2102 663 2159 his
686 2100 802 2158 habetur
823 2099 852 2155 in
875 2096 953 2156 libris
983 2097 1116 2158 Reviczk.
1143 2102 1227 2160 illatis
1258 2101 1288 2159 in
1315 2101 1446 2164 bibliotb'.

466 2190 593 2249 Sencer'.
1448 2197 1452 2204 '

487 2213 582 2335 ΡΜειΙε
603 2276 706 2354 paffim,
728 2274 847 2333 etiama
875 2267 1016 2342 Fabricio,
1045 2271 1143 2333 Editio
1165 2274 1253 2334 Servii
1275 2271 1356 2351 liujus
1380 2276 1447 2336 anni

467 2366 666 2445 Ratisponensts
679 2353 850 2432 rbemotatur,
861 2383 878 2421 a
888 2365 1069 2441 Typographi
1081 2364 1170 2443 patria
1181 2385 1271 2424 errore
1280 2383 1354 2425 orto.

512 2457 603 2515 Altera
615 2457 651 2512 est
664 2455 855 2513 Ferrariensts:

509 2549 605 2615 Mauri
626 2548 714 2605 Servii
731 2548 858 2604 Honorati
872 2547 1040 2604 Grammatici
1056 2549 1094 2603 ad
1111 2542 1216 2625 Virgilii
1235 2546 1322 2622 Opera
1343 2545 1450 2625 diligens

471 2642 657 2715 interpretatio,
676 2657 724 2717 per
736 2636 874 2694 Andream
889 2635 1013 2695 Gallum.
1053 2635 1182 2695 Ferraria
1324 2634 1346 2692 s.
1364 2656 1449 2714 147¹·

511 2729 630 2787 Orlaudi
654 2731 729 2809 Orig.
752 2726 821 2784 dalla
841 2728 948 2805 Stampa
968 2748 996 2804 p.
1018 2748 1082 2805 137.
1123 2725 1272 2785 Baruffaldi
1290 2724 1359 2785 drlla
1400 2737 1450 2804 ip'u·

469 2822 559 2901 grafia
572 2820 700 2893 Ferrarese
711 2840 738 2897 p.
753 2837 782 2895 9.

513 2910 649 2969 Tertiaest
661 2910 783 2965 Romana
796 2906 926 2965 Udalrici
941 2908 1017 2965 Han.
1369 2966 1371 2973 ,
1460 2972 1463 2977 ,

514 3002 611 3058 Mauri
641 3001 730 3055 Servii
760 2998 885 3055 Honorati
917 2999 1086 3056 Grammatici
1107 3006 1134 3056 in
1168 3008 1221 3057 tria
1252 3000 1360 3077 Virgilii
1381 3016 1454 3079 opera

476 3095 587 3171 exprfirio
615 3100 710 3168 incioi't,
734 3106 758 3147 et
778 3095 859 3168 primo
884 3097 912 3145 in
940 3088 1065 3146 Bucolica.
1121 3090 1217 3148 Romae
1236 3105 1285 3167 per
1309 3092 1458 3151 Udalricum

414 3216 418 3223 ·
479 3183 586 3241 Gallam
1292 3217 1294 3222 .
1358 3182 1455 3240 f.s.a.

517 3273 604 3331 Nulla
614 3278 701 3349 poitae
712 3272 833 3329 carmi-na-
850 3266 953 3347 adjesia
972 3270 1045 3336 sunt,
1064 3268 1138 3349 quod
1156 3292 1295 3350 perperam
1315 3271 1460 3330 viri-dotti

475 3362 635 3428 tradidere;
656 3361 684 3418 iu
698 3381 813 3419 errorem
828 3361 932 3438 abrepti
946 3382 962 3419 a
976 3362 1011 3419 de
1024 3362 1094 3421 Bure
1106 3383 1134 3421 n.
1150 3367 1217 3430 810,
1237 3366 1274 3421 est
1294 3363 1367 3421 enim
1386 3363 1461 3422 liber·

478 3454 511 3512 in
532 3451 663 3508 Biblioth.
690 3452 763 3529 Reg.
782 3451 844 3507 Par.
883 3450 961 3507 Idem
982 3472 1012 3508 n.
1038 3472 1114 3530 2970
1136 3473 1199 3511 cum
1225 3453 1391 3522 Maittairio,
1410 3446 1475 3532 qui*¹

452 3609 454 3616 ¹
477 3559 587 3602 tantum
602 3543 636 3599 de
649 3542 743 3601 Servio
760 3555 891 3599 memorat
905 3541 942 3598 T.
958 3543 983 3611 1,
996 3563 1025 3621 p.
1041 3563 1108 3620 292,
1126 3563 1187 3600 eum
1207 3544 1311 3603 librum
1323 3544 1398 3603 circa
1410 3564 1462 3601 au-·

481 3654 548 3693 num
565 3653 637 3710 ¹470
650 3633 777 3690 excusum
789 3631 839 3689 esse
858 3633 1037 3709 conjesiabat.
1077 3632 1167 3690 Etiam
1187 3634 1348 3702 Masvicius,
1367 3634 1460 3712 quiea

476 3724 604 3784 editione
621 3722 682 3780 usus
692 3724 739 3787 est,
759 3722 845 3779 solum
864 3722 986 3781 Servium
1000 3722 1106 3783 habuit.
1145 3723 1216 3782 Rem
1234 3743 1343 3783 omnem
1362 3724 1463 3782 diserte
1533 3717 1535 3722 ’

480 3813 607 3891 exposuit
618 3811 776 3870 Audiffredi
787 3831 849 3889 pag.
863 3833 911 3886 71.
949 3814 977 3868 Α
990 3814 1039 3888 J0.
1052 3814 1120 3873 Ant.
1139 3814 1280 3892 Campano
1292 3833 1326 3871 ιιι
1335 3813 1463 3870 emenda.

480 3919 542 3963 tum
554 3902 636 3960 suerit
655 3902 801 3978 exemplar,
821 3902 896 3977 quod
916 3901 997 3960 Laire
1018 3903 1172 3971 affirmavit,
1193 3902 1330 3961 nonsatis
1350 3902 1464 3960 constat.

482 3993 581 4053 Alium
594 3991 717 4049 Servium
730 3991 872 4067 antiquum
884 3990 907 4050 s.
919 4012 946 4051 a.
959 3994 978 4050 l.
990 4006 1018 4049 et
1030 3994 1200 4071 typographo
1210 3993 1303 4051 laudat
1310 3990 1465 4060 Maiuaire,

483 4086 523 4145 T.
536 4082 563 4151 I,-
575 4102 603 4160 p.
618 4101 683 4159 752.

521 4176 627 4251 Quarta
638 4172 674 4228 est
685 4170 833 4229 Baldarseri
845 4172 970 4249 repetita,
986 4172 1022 4230 de
1041 4192 1095 4250 qua
1107 4173 1200 4252 pau-llo
1214 4188 1277 4232 aute
1286 4175 1345 4251 jam
1359 4173 1468 4232 dicium

482 4267 530 4325 est.

422 4394 427 4400 -
492 4384 495 4388 v
524 4356 558 4412 P.
573 4356 606 4411 V.
619 4354 662 4411 M.
676 4353 762 4429 Opera
777 4352 884 4425 (Bucol.
904 4339 1013 4430 Ceorg.
1030 4353 1094 4413 AEn.
1115 4374 1177 4413 eum
1192 4354 1265 4415 libro
1279 4356 1329 4415 illo
1350 4353 1427 4413 XIII
1438 4366 1469 4412 et

484 4442 639 4522 opusculis,
668 4463 728 4520 quae
746 4442 826 4501 sunt:
848 4442 949 4511 Culex,
976 4442 1064 4513 Dirae,
1088 4445 1180 4525 Copa,
1208 4446 1253 4506 Est
1278 4461 1307 4507 et
1332 4446 1418 4513 Non,
1432 4444 1473 4503 de

484 4535 576 4611 Rofis,
586 4534 727 4598 Monetam
739 4547 770 4593 et
782 4533 918 4614 Priapeia)
926 4535 984 4612 stae
994 4534 1041 4596 loro
1052 4551 1077 4593 er
1088 4537 1240 4620 apographo
1341 4536 1364 4595 f.
1383 4553 1469 4613 rap-r.
