3575 5509
464 646 536 721 260
594 643 635 718 P.
676 629 970 716 viriumr
1020 628 1322 716 MARONIS

464 845 615 931 Interea,
641 844 791 941 longum
807 860 915 915 cantu
933 819 1041 913 solata
1057 839 1230 932 laborem,

464 983 607 1078 Arguto
621 981 777 1078 conjunx
793 979 967 1077 percurrit
982 979 1122 1074 pectine
1135 980 1245 1064 telas3

464 1119 540 1191 Aut
552 1118 667 1190 dulcis
678 1118 784 1192 musti
796 1118 955 1190 Volcano
966 1115 1135 1213 decoquit
1146 1118 1353 1207 humorem,
1383 1134 1454 1218 295

464 1256 516 1329 Et
533 1254 626 1326 loliis
643 1255 776 1327 undam
793 1253 925 1350 trepidi
942 1252 1127 1349 despumat
1143 1254 1261 1326 aheni.

500 1499 556 1549 294.
572 1486 645 1531 molier
657 1493 717 1548 perc.
737 1481 774 1529 ecl.
794 1479 898 1528 Mediol.
929 1480 1111 1546 percrffeGoth.
1145 1480 1234 1532 Versae
1243 1480 1310 1534 idem
1325 1481 1385 1530 ΕΠ,
1396 1483 1458 1541 Vll,

468 1575 500 1619 14
512 1562 590 1627 Arguto
604 1564 667 1609 renuis
675 1571 797 1625 percurrens
801 1563 882 1624 pectine
892 1560 943 1605 relos
961 1558 991 1606 de
1003 1558 1175 1623 Circe.-—29
1176 1573 1201 1619 5.
1217 1560 1292 1608 burm
1301 1559 1411 1625 Scaliger
1420 1560 1458 1610 le·

466 1638 549 1705 gebat,
563 1650 591 1687 ut
603 1636 659 1686 effet
677 1640 763 1699 decoquit
782 1636 815 1684 se.
833 1635 897 1684 conf.
911 1636 1026 1698 Rutgers.
1040 1638 1099 1683 Var.
1116 1636 1187 1684 Lede.
1197 1638 1232 1696 V,
1244 1636 1408 1701 17.--296.
1425 1649 1458 1685 te·

463 1718 512 1782 pido·
530 1716 590 1761 aheni
608 1724 658 1762 erat
678 1712 750 1760 lectio
770 1725 826 1761 ante
845 1712 927 1760 Heius.
940 1711 1056 1776 vulgatu
1071 1712 1136 1776 lique
1148 1713 1259 1763 Parrhes.
1271 1712 1338 1762 Voff.
1353 1714 1398 1762 atii
1414 1730 1459 1781 ap.

468 1791 573 1841 Martin.
605 1794 680 1855 trepr'di
690 1789 778 1838 dabant
791 1789 855 1837 Gud.
876 1790 993 1848 Mentel.‚
1009 1802 1109 1854 uterque
1128 1793 1228 1855 Menag.
1247 1792 1340 1840 Mureti
1360 1791 1461 1857 fragm·

467 1885 525 1917 cum
537 1868 611 1916 Pierii
622 1867 711 1918 utorio.
722 1878 746 1915 et
764 1866 855 1932 aliquot
874 1866 933 1915 aliis.
960 1870 1025 1931 foliis
1036 1871 1120 1933 trepido
1132 1869 1230 1927 Medic„
1244 1868 1336 1933 hocque
1348 1868 1415 1916 Pier.
1428 1869 1459 1917 in

468 1946 574 1995 editione
585 1946 626 1993 sua
641 1944 721 2009 legisse
739 1945 842 1993 videtur.
875 1948 960 2009 trepidis
975 1948 1032 1992 asnis
1051 1947 1124 1992 Rom.
1157 1946 1196 1993 De
1214 1945 1390 1995 mientehee
1402 1946 1459 1995 vid.

468 2022 557 2074 Heins.
570 2022 596 2070 b.
615 2022 632 2070 l.
653 2033 677 2070 et
696 2021 726 2069 ad
746 2021 817 2070 ovid.
831 2025 892 2070 Met.
909 2024 966 2080 xu,
981 2034 1038 2085 279.
1072 2025 1127 2069 renui
1136 2026 1185 2069 abo
1196 2022 1261 2071 trud
1276 2038 1322 2087 pro
1332 2040 1387 2073 var.
1398 2023 1457 2072 lest.

396 2109 398 2114 ·
468 2102 566 2165 dispumet
580 2102 671 2147 Moret.
684 2108 771 2162 quart„
785 2098 831 2148 hoe
842 2109 867 2145 et
877 2097 937 2148 illud
948 2098 974 2147 in
984 2098 1068 2166 uulgg.
1078 2099 1132 2148 edd.
1146 2098 1220 2150 Gellii
1230 2100 1266 2147 N.
1277 2103 1310 2149 A.
1323 2102 1359 2162 ll,
1375 2115 1400 2163 3,
1414 2100 1460 2151 ubi

469 2178 501 2226 de
511 2177 627 2242 scriptura
636 2177 696 2223 oberti
705 2174 796 2239 agitur.

470 2347 573 2406 cidere.
610 2347 698 2422 solata
717 2346 846 2403 laborem:
877 2342 937 2401 vid.
986 2344 1094 2422 appulsu
1118 2345 1167 2403 suo
1191 2346 1250 2405 vim
1272 2347 1367 2408 habet.
1416 2349 1459 2408 At

471 2424 507 2482 ad
531 2424 593 2480 AEn.
615 2424 640 2491 Ι,
664 2443 677 2479 2
683 2444 729 2500 39.
770 2441 835 2497 294.
849 2438 939 2499 arguto
985 2422 1054 2479 olim
1066 2423 1119 2479 tela
1137 2422 1231 2493 stabat,
1248 2426 1458 2486 stamimbuoad

472 2517 500 2559 et
521 2501 614 2558 cantui
637 2500 757 2557 mulieris
781 2498 865 2556 tribui
890 2518 939 2575 po·
986 2500 1208 2576 perpendiculum
1255 2505 1389 2573 extentis,
1429 2519 1458 2566 et

470 2578 530 2643 test,
549 2591 576 2635 et
586 2585 689 2654 petrini,
702 2592 732 2634 ut
752 2577 795 2644 fit,
814 2576 862 2652 qui
880 2575 939 2631 stri·
986 2575 1090 2655 spatha,
1105 2597 1165 2654 quae
1175 2577 1317 2639 subtemen
1329 2582 1457 2662 cogebat,

471 2656 567 2713 dorem
594 2655 665 2712 inter
693 2654 838 2711 texendum
871 2652 941 2709 edit.
988 2653 1100 2711 diversae
1123 2670 1181 2712 erat
1204 2656 1302 2715 forma
1327 2679 1346 2717 a
1368 2662 1456 2720 nostro

470 2730 539 2790 Hoc
552 2731 663 2809 quidem
683 2739 792 2808 poetam
811 2728 940 2798 mamille,
988 2729 1106 2809 pectine:
1122 2734 1193 2790 unde
1202 2753 1227 2791 v.
1242 2755 1269 2793 c.
1282 2735 1455 2814 Hesychius:

471 2808 558 2887 liquet
567 2829 600 2866 cx
606 2808 742 2876 AEn.Vil,
753 2807 877 2885 ltidque
885 2817 953 2864 me·'
990 2807 1137 2878 molario,
1151 2812 1180 2867 τό
1200 2811 1270 2889 ⁰²ng
1281 2815 1352 2889 ὕφος,
1365 2815 1459 2881 m‘ssn

471 2887 526 2946 lius
544 2886 614 2955 fieri,
628 2888 709 2944 docet
731 2885 801 2943 ratio
820 2884 940 2962 poetica,
988 2893 1134 2963 κεκςουμένω
1151 2887 1210 2965 (seu
1222 2918 1265 2949 κικ
1355 2897 1361 2919 ’
1395 2881 1459 2963 3nil

472 2985 508 3025 ne
517 2966 629 3023 alterum
638 2962 879 3021 nomennudumet
888 2964 942 3022 fine
989 2964 1084 3039 refert)
1104 2972 1131 3024 οὐ
1144 2968 1219 3027 κτενί.
1289 2990 1369 3031 erum
1380 2974 1459 3031 labo-

472 3043 594 3122 epitbeto
608 3043 639 3099 fit
650 3066 658 3111 ;
680 3056 707 3100 et
728 3039 807 3117 nequis
832 3060 942 3119 quoque
988 3061 1076 3099 ramus
1089 3044 1177 3102 adbuc
1190 3042 1221 3103 in
1241 3045 1307 3105 loct)
1328 3049 1365 3106 de
1384 3065 1459 3110 vete-

473 3121 565 3198 paffim
595 3121 624 3178 in
665 3118 754 3198 politis
787 3126 939 3190 μελπομένη,
988 3138 1048 3176 rum
1059 3135 1175 3180 textura.
1204 3122 1274 3181 Loc.
1288 3125 1458 3189 claffiovid.

472 3199 558 3259 ἀοιδός.
593 3208 680 3275 pellcn
695 3220 807 3254 canorus.
830 3194 942 3268 (Exem-
988 3195 1060 3256 Met.
1074 3197 1127 3262 VI,
1137 3198 1211 3278 53sq
1232 3243 1240 3259 .
1261 3200 1459 3284 SenecaEpist.

473 3278 518 3356 pla
544 3274 621 3331 dabit
646 3296 673 3334 v.
700 3293 725 3331 c.
750 3273 870 3331 Brunck.
905 3276 941 3332 ad
989 3272 1056 3332 XC.
1088 3275 1126 3333 cf.
1149 3277 1186 3335 ad
1210 3222 1276 3336 issn.
1311 3278 1383 3350 VH,
1416 3303 1461 3358 14.

473 3352 613 3430 Aristopb.
634 3352 705 3408 Ran.
732 3351 830 3424 1316.)
859 3350 941 3410 Festi·
989 3349 1066 3409 Patet
1087 3368 1177 3412 autem
1198 3373 1234 3411 ex
1253 3356 1309 3415 hoc
1323 3359 1415 3428 versu,
1430 3360 1459 3418 in

473 3443 568 3486 nanter
593 3446 753 3505 acceperam·
764 3438 882 3501 pertinen
907 3430 942 3487 de
988 3428 1069 3486 Italia
1098 3450 1207 3509 quoque
1240 3434 1460 3495 matresfamilias

472 3506 569 3563 radio:
602 3506 669 3562 dum
703 3503 847 3580 pectinem,
887 3527 943 3583 quo
989 3508 1145 3566 rusticorum
1159 3510 1273 3568 telarum
1288 3526 1460 3572 textumve·

471 3584 532 3658 lyra
544 3582 708 3658 pulsabatur,
728 3601 792 3637 cum
813 3602 846 3638 eo
867 3602 941 3640 com·
988 3584 1065 3643 calle.
1106 3604 1142 3663 29
1165 3586 1243 3645 ,Ge
1255 3585 1313 3657 IV,
1332 3590 1388 3648 268
1408 3602 1464 3671 igni

473 3659 612 3739 parabam,
632 3674 659 3716 et
680 3660 771 3716 locum
786 3660 842 3720 Od.
861 3688 882 3727 ε,
904 3666 938 3719 62
983 3670 1091 3740 pinguia
1103 3606 1177 3721 multo
1194 3666 1322 3742 Defruta.
1361 3666 1461 3728 Sedula

470 3737 566 3793 'animo
585 3737 720 3805 tenebam,
740 3757 754 3793 e
775 3756 829 3812 quo
847 3736 943 3814 virgi·
988 3737 1018 3793 in
1031 3738 1138 3797 variise
1150 3741 1236 3798 mullo
1255 3741 1363 3801 defruti
1378 3765 1462 3823 gene·

474 3813 530 3871 lius·
546 3813 592 3870 sua
612 3812 709 3889 petiit:
729 3813 864 3877 ἡδ’-ἱςὸν
876 3819 942 3873 loo-
988 3816 1063 3873 ribus
1080 3816 1256 3875 conficiendis
1267 3834 1393 3880 veterum
1408 3824 1463 3882 fuit

500 3918 569 3961 opero
595 3892 697 3969 χρυσείῃ
729 3893 819 3967 κερκίδ’
850 3896 942 3966 ὕφαινε.
989 3912 1085 3969 opera:
1107 3893 1165 3963 vid.
1188 3894 1258 3953 Plin.
1271 3895 1392 3967 XXIII,
1416 3907 1461 3961 18.

473 3918 585 4047 {lempe
606 3966 658 4023 tela
675 3970 943 4045 cunstatstaminibus‚
990 3969 1087 4039 XIV,·
1101 3991 1145 4028 rr.
1197 3973 1354 4032 Columella
1389 3977 1463 4048 XII,

475 4045 574 4124 quibus
599 4044 726 4101 inseritur
741 4046 871 4119 subtemen
898 4048 943 4105 seu
989 4049 1278 4127 cap.19-21.Dulce
1403 4055 1464 4114 lau.

474 4141 570 4190 trama,
591 4142 643 4200 ope
669 4124 746 4191 radii,
769 4125 884 4200 κεςκίδος,
912 4126 942 4182 in
989 4125 1036 4181 dat
1049 4125 1261 4206 Qindlil.1nst.
1358 4151 1413 4203 ,2,
1428 4151 1464 4193 10

473 4203 550 4279 cujus
569 4201 661 4257 locum
682 4198 799 4257 succeffit
819 4201 944 4260 navicula
989 4201 1060 4260 inter
1083 4202 1213 4283 epitheta,
1243 4226 1305 4284 quae
1324 4207 1369 4278 id,
1387 4209 1466 4289 quod

474 4278 609 4348 textoria3
641 4275 808 4334 dirimuntur
830 4279 944 4338 stamina
990 4280 1031 4337 rei
1055 4280 1195 4360 proprium
1226 4283 1270 4351 fit,
1293 4286 1467 4364 exprimant.

470 4365 568 4430 pectine
598 4353 761 4423 'arundinem
794 4355 842 4431 qui
865 4356 942 4426 item,
989 4358 1078 4415 humor
1089 4357 1279 4437 musttpoetica
1290 4361 1468 4443 peripbnfie.

476 4431 588 4488 insertus
591 4431 706 4509 spathae,
725 4432 758 4488 ad
774 4431 943 4492 densandum
992 4434 1058 4508 296.
1077 4438 1210 4511 trepidum,
1223 4438 1335 4517 proprie
1348 4441 1468 4503 mustum

476 4521 504 4565 et
515 4508 668 4589 stipandum
684 4508 834 4583 subtemen,
848 4515 944 4591 κςόκην,
990 4513 1027 4572 est
1039 4511 1188 4593 trepidum,
1207 4513 1284 4594 quio,
1296 4519 1375 4596 quod
1388 4519 1469 4580 ebul-

1144 4611 1166 4670 4
1420 4595 1470 4670 lit.
