3575 5509
318 1021 326 1050 Ι

435 680 531 801 ’396
596 670 638 771 r'.
679 682 1300 778 uramtjrtmlaoms

447 893 598 994 Propter
612 920 757 993 aquam,
779 895 888 970 tar'dis
906 888 1031 995 ingens
1047 899 1111 972 ubi
1132 901 1389 978 flexibut‘errat
1488 891 1504 906 ³

445 1034 607 1107 Mincius
623 1052 659 1105 et
673 1049 793 1105 tenera
808 1034 974 1130 praetexit
990 1035 1163 1146 arundine
1179 1037 1286 1134 ripas:
1384 1064 1400 1115 1
1409 1062 1434 1141 ς

440 1144 489 1243 In
505 1168 630 1242 medio
646 1168 737 1243 mihi
756 1153 875 1241 Caesar
887 1172 965 1258 erit,
981 1154 1232 1271 templumque
1243 1176 1392 1250 tenebit.
1521 1139 1523 1148 Ι

441 1296 504 1377 Illi
522 1303 637 1378 vidior
655 1329 734 1402 ego,
750 1323 786 1378 et
805 1305 917 1400 Tyrio
929 1306 1134 1404 conspeetus
1151 1309 1189 1412 in
1203 1311 1310 1398 ostro,

444 1440 601 1515 Centum
618 1438 848 1540 quadrijugos
865 1438 1013 1537 agitabo
1028 1440 1074 1516 ad
1091 1443 1240 1516 flumina
1256 1470 1392 1522 currus.
1425 1523 1427 1528 ,

444 1574 1048 1684 Cundtamihi‚Alpheumlinquens
1056 1578 1223 1674 lucosque
1232 1580 1436 1675 Molorchi,

390 1690 393 1694 ¹
445 1711 613 1785 Curfibus
631 1730 667 1785 et
683 1713 796 1787 crudo
811 1713 978 1786 decernet
993 1714 1136 1829 Graecia
1152 1718 1260 1791 cestu.
1386 1742 1444 1793 20

440 1847 535 1949 Ipse,
551 1869 660 1947 caput
676 1850 789 1924 tonsae
805 1850 900 1946 foliis
916 1871 1061 1964 ornatus
1077 1855 1201 1943 olivae,

451 1988 454 1994 ’
475 2030 513 2078 27.
526 2016 572 2075 ra,
583 2015 748 2081 quoa-uuam
759 2015 849 2075 entur,
859 2026 943 2067 tuetur
954 2017 1046 2067 Mera.
1060 2034 1115 2067 cum
1127 2018 1187 2077 aua,
1202 2018 1225 2067 a
1239 2019 1377 2088 arcanus
1388 2020 1439 2071 ao.

438 2103 533 2143 norem
568 2096 604 2141 At
615 2094 664 2143 Illic
676 2096 807 2152 Romanus,
819 2092 910 2141 Medic.
924 2109 980 2142 cum
996 2094 1049 2142 aliie
1065 2095 1229 2160 antiquiliimis
1240 2097 1320 2146 Pierii.
1355 2097 1393 2145 stc
1406 2099 1433 2147 in

438 2172 522 2221 Franc.
536 2172 561 2220 in
579 2171 719 2236 Cantabrig.
741 2182 765 2219 et
777 2171 906 2244 Aruudel5,
921 2172 948 2220 'h.
968 2186 988 2220 e.
1006 2172 1039 2220 ad
1055 2174 1182 2237 templum
1217 2175 1294 2221 Porro
1305 2188 1325 2221 ee
1337 2174 1402 2223 abest
1415 2193 1432 2224 a

336 2277 340 2288 ι
441 2246 634 2297 arane--an
650 2248 786 2311 duro-cestu
807 2248 932 2295 Romanus
943 2246 1023 2296 Pierii.
1058 2247 1105 2297 Sed
1126 2250 1190 2297 cruda
1209 2248 1301 2307 melius,
1323 2264 1337 2296 e
1357 2250 1436 2299 crudo

440 2324 515 2373 torio.
548 2325 607 2372 AEru
617 2324 652 2381 V,
664 2324 703 2390 69.
736 2323 830 2371 decernet
836 2321 942 2371 firmarit
954 2322 1037 2371 Heius.
1050 2324 1207 2373 vetustiorum
1221 2324 1338 2373 librorum
1349 2326 1437 2374 audio.

440 2398 518 2470 'ritate
529 2418 537 2458 3
547 2399 612 2465 inter
623 2415 683 2463 quoe
694 2397 780 2464 fragm
793 2399 871 2448 Vatic.
905 2400 942 2447 Sic
954 2415 1049 2463 quoque
1066 2416 1123 2465 pars
1135 2401 1300 2449 Pieriauorum
1312 2416 1367 2449 cum
1378 2402 1436 2455 edd.

338 2528 346 2549 Ι
435 2475 625 2538 intentatae.
657 2477 691 2523 At
704 2475 797 2523 Medic.
808 2475 918 2539 Longob.
931 2474 1108 2533 etaliidecertet
1115 2500 1124 2531 ;
1140 2478 1261 2542 quomodo
1273 2478 1383 2544 npunulli
1394 2495 1435 2545 ap.

439 2552 650 2615 ljleinl,quatuor
662 2550 772 2609 Martini,
783 2550 858 2599 Goth.
871 2551 914 2599 sec.
927 2550 978 2599 Erl.
992 2567 1047 2601 cum
1059 2564 1117 2601 vett.
1136 2553 1200 2612 edd3
1219 2564 1243 2612 et
1258 2552 1288 2602 fic
1303 2554 1395 2604 Medic.
1416 2572 1433 2604 a

416 2629 427 2643 ‘
439 2645 475 2698 tp.
488 2631 543 2692 see,
555 2645 613 2700 uam
623 2629 702 2696 prima
713 2629 829 2698 scriptura
840 2629 866 2681 iu
877 2646 907 2679 eo
919 2641 943 2678 et
956 2631 1061 2682 Mentel.
1072 2648 1110 2699 pr.
1122 2648 1149 2680 ac
1161 2635 1242 2682 Fratre
1256 2645 1281 2683 et
1289 2634 1324 2683 ed
1334 2633 1429 2684 Fabric.

1328 2712 1431 2766 decernit.

478 2846 524 2906 16.
565 2842 659 2904 Statua
685 2840 732 2901 dei
755 2842 785 2901 in
817 2840 909 2902 medio
958 2864 1022 2902 cum
1040 2842 1149 2906 Tibulli
1160 2845 1236 2923 I,·7,
1250 2860 1302 2924 49,
1314 2829 1480 2916 necnon¹

436 2921 551 3003 templo,
565 2927 587 2982 ἐν
601 2930 636 3001 τῷ
648 2928 708 3013 vap,
719 2921 851 2980 sacrario:
879 2934 910 2977 ut
958 2920 1053 2979 Gratii
1064 2922 1198 3000 Cyneget.
1212 2942 1283 3001 5²03
1297 2921 1432 2980 namsub-

435 3001 505 3079 saepe
518 3001 547 3060 in
561 3002 650 3060 numis
661 3001 763 3060 vtfitut.
957 2998 1033 3057 tilius
1052 3018 1133 3076 quam
1145 2999 1233 3057 verius
1244 3002 1294 3057 effe
1311 2999 1433 3074 videtur,

452 3077 456 3085 “
479 3099 523 3158 17.
543 3089 628 3139 vietor
637 3104 690 3159 ego,
714 3077 763 3155 qui
781 3074 910 3134 carminis
957 3077 1031 3152 quod
1051 3078 1109 3153 jam
1128 3075 1235 3143 Servius
1256 3075 1375 3142 monuit,
1395 3080 1433 3135 ad

434 3156 552 3235 p'almam
572 3177 603 3216 ac
626 3158 741 3233 gloriam
755 3154 784 3210 iu
814 3153 909 3211 aniam
959 3151 1046 3210 XXV
1064 3154 1152 3215 missus.
1168 3154 1293 3211 ludorum
1316 3153 1432 3222 Circen-

434 3233 592 3293 r‘etulerim:
627 3234 658 3291 id
704 3232 759 3289 uod
782 3175 910 3288 aiiselutis
958 3230 1023 3288 fiam
1037 3232 1089 3287 hoc
1109 3230 1355 3300 referendumesse.
1394 3235 1438 3291 ad

434 3308 584 3391 Georgicis
596 3330 655 3389 quae
672 3255 793 3385 liupolt
811 3307 909 3365 scribe·
946 3310 1076 3379 flumina·
1089 3306 1125 3363 ad
1143 3306 1292 3365 Mincium.
1332 3310 1433 3385 Nugas

431 3387 492 3457 leat,
524 3391 646 3449 futurum
669 3402 736 3445 erat.
790 3386 910 3459 Purpura
956 3384 1094 3441 Servianas
1107 3384 1201 3442 audire
1220 3404 1275 3443 non
1295 3385 1433 3447 debebant

431 3471 581 3544 cottspicuum
602 3465 674 3523 dixit
698 3464 735 3530 se,
769 3476 908 3539 tamquam
954 3460 1127 3539 interpretes.

431 3537 507 3613 eum',
528 3544 576 3623 qui
590 3544 668 3601 ludos
688 3542 790 3606 ederet,
809 3537 907 3615 magis-
996 3560 1039 3615 ¹9·
1061 3539 1128 3596 Suos
1140 3540 1230 3627 ludes,
1249 3555 1358 3617 propter
1371 3560 1432 3602 ma,

406 3632 552 3686 aramum
583 3622 718 3699 exemplu,
747 3617 796 3693 qui
827 3616 906 3673 ludos
950 3616 1070 3691 jestatem
1107 3618 1235 3683 numims,
1267 3620 1313 3675 cui
1350 3617 1430 3686 fiant,

324 3727 327 3734 ·
430 3698 563 3754 curabant
583 3712 713 3776 praetexta
726 3693 826 3755 induti.
867 3693 906 3750 At
955 3692 1114 3754 Graecorum
1132 3692 1263 3771 Olympia
1274 3710 1300 3752 et
1314 3696 1430 3759 Nemaea

430 3772 656 3850 triumphantium
688 3791 780 3851 togam
806 3769 907 3849 pitlam
954 3770 1109 3829 celebritate
1125 3771 1292 3848 superaturos
1313 3773 1364 3834 effa
1386 3771 1431 3829 di-

308 3923 313 3938 ·
413 3850 495 3924 'satis
516 3851 617 3907 canstat
638 3869 799 3930 purpuream
832 3847 908 3905 fuiffe
954 3848 1002 3905 eit.
1040 3849 1164 3925 Alpheum
1178 3850 1338 3926 Olympiam
1357 3868 1428 3925 prae-
1527 3882 1529 3885 -

430 3946 499 3986 auto
522 3926 685 3987 distinctam.
731 3927 907 3984 Sacetdotum
954 3925 1052 4000 terlabi
1071 3941 1097 3984 et
1112 3926 1265 3985 Molorcham
1287 3926 1356 3999 (vid.
1371 3925 1428 3984 Ti·

428 3999 465 4083 p‘u
499 4024 574 4063 uram
582 4003 635 4061 huc
645 4002 777 4062 avocabat
788 4002 906 4062 Servius.
954 4001 1022 4064 bull.
1041 4004 1097 4072 IV,
1121 4025 1147 4071 1,
1165 4002 1429 4079 rpexcepiffehos,

422 4078 472 4147 c'f.
519 4083 557 4140 ἠ.
584 4077 642 4150 ΙΧ,
667 4075 718 4155 ¹36,
744 4079 834 4140 teo.
859 4084 904 4139 18.
953 4078 1026 4154 pitio
1059 4080 1218 4146 Herculem,
1250 4100 1314 4144 cum
1346 4080 1428 4139 leone
1481 4083 1485 4088 ’

429 4161 533 4251 agitabo
544 4182 641 4236 ¹carras,
664 4178 721 4214 non
741 4155 819 4213 aliter
831 4157 904 4213 acci·
953 4157 1069 4215 Nemaeo
1094 4158 1237 4215 interemto
1259 4157 1337 4214 ludos
1368 4158 1428 4217 Ne-

428 4239 572 4315 prendum,
592 4256 677 4315 quam
693 4236 801 4311 poe'tam
812 4234 904 4291 editu·
952 4233 1423 4307 maeoskrestituerensatisnotumestg

429 4308 490 4373 rum
503 4317 593 4384 ludos,
606 4314 636 4372 in
649 4310 747 4391 quibus
759 4309 902 4387 quadrigae
949 4332 976 4369 v.
998 4310 1130 4387 Apollod.
1143 4312 1183 4379 II,
1206 4331 1235 4389 ς,
1255 4332 1282 4382 1,
1307 4325 1335 4368 et
1356 4310 1424 4368 Pro-

427 4392 583 4459 mittantur,
602 4390 746 4469 agitentur.
794 4389 901 4445 Centum
948 4387 997 4445 bus
1008 4388 1043 4443 ad
1055 4387 1083 4447 h.
1098 4389 1118 4447 l.
1128 4389 1449 4456 crudusceiius,ecoriu·
1519 4454 1521 4457 ,

426 4473 616 4550 auternquadri
631 4494 659 4527 as
668 4484 804 4545 tamquam
817 4471 902 4542 poeta
948 4464 1043 4524 crudo.
1346 4469 1350 4481 “

425 4547 507 4628 ponit
513 4573 524 4623 ς
543 4561 571 4609 et
580 4495 652 4610 teile
661 4544 707 4609 hic
720 4562 850 4607 memores
859 4543 900 4612 10-
986 4562 1035 4616 ar.
1050 4560 1097 4608 zz.
1155 4561 1211 4614 am,
1235 4540 1310 4624 quod
1333 4542 1372 4630 ad
1395 4542 1424 4602 se

1270 4634 1420 4701 permeat,

683 4721 686 4730 t
