3575 5509
400 709 478 769 xiv
678 673 1105 786 PRAEFATIO

397 915 479 980 tam
504 910 656 977 tantum
673 920 833 1004 operam
851 893 1004 1004 publice
1022 922 1216 1007 propono,
1242 896 1287 981 'in
1300 919 1384 1011 vqua

395 1033 608 1143 unicuique
620 1029 744 1111 saciie
763 1030 807 1111 fit
826 1050 864 1112 et
881 1023 1100 1144 promtum,
1123 1033 1263 1119 habere
1280 1037 1382 1122 sorte

396 1190 435 1253 et
454 1194 682 1264 memorare,
712 1187 802 1277 quae
821 1165 868 1248 ad
894 1196 981 1247 earn
1013 1163 1383 1279 perficiendanssa·
1470 1251 1472 1253 ,

396 1336 482 1389 cere
498 1305 656 1416 possint.
716 1302 891 1385 Proclive
927 1304 1034 1383 enirn
1059 1307 1286 1419 unicuique,
1317 1307 1384 1391 cui

396 1444 519 1527 editio
535 1439 636 1525 mihi
655 1469 734 1524 non
753 1440 833 1525 visa
848 1440 898 1522 ad
917 1469 1056 1524 manus
1073 1442 1133 1539 fit,
1164 1465 1231 1527 aut
1243 1448 1382 1529 erroris
1410 1464 1414 1471 ’

396 1598 463 1663 aut
495 1578 711 1661 omissionis
747 1605 813 1659 me
856 1605 1028 1689 arguere.
1090 1580 1234 1670 ,Vitam
1263 1584 1383 1664 etiam

397 1718 557 1829 Virgilii
577 1745 668 1798 meo
693 1686 1074 1797 studio'c‘onfesiam
1106 1714 1305 1827 subjunxi,
1334 1718 1384 1800 de
1422 1798 1425 1809 ,
1455 1716 1460 1732 ”

335 1885 339 1895 ·
396 1879 477 1967 qua
495 1853 656 1965 quidem
677 1850 745 1934 sub
773 1849 856 1960 ejus
884 1851 1047 1933 initium
1075 1852 1266 1971 nonnulla
1292 1876 1384 1934 mo-

394 1998 498 2091 nui3
541 1999 626 2076 rem'
658 2010 790 2074 autem
827 1986 1071 2073 utiliffimam
1108 2009 1225 2100 atque
1255 1992 1383 2071 'etiam

396 2132 641 2217 necessariam
675 2127 864 2243 suscipere
894 2128 1044 2240 putavi,
1083 2155 1175 2211 cum
1209 2130 1296 2210 aliis
1335 2129 1384 2209 de

398 2271 550 2365 caussis,
582 2291 668 2351 tum
686 2290 905 2380 propterea,
931 2267 1038 2378 quod
1058 2268 1184 2349 muita
1201 2268 1244 2348 in
1262 2268 1383 2349 Ecle-

399 2412 478 2519 gis,
509 2407 635 2490 multa
658 2405 700 2488 in
720 2406 941 2517 Georgicis,
961 2405 1134 2517 episodia
1147 2411 1267 2491 etiarn
1281 2436 1383 2492 non·

396 2540 506 2625 nulla
539 2545 581 2625 in
608 2541 803 2638 AEneide,·
819 2559 869 2623 ex
891 2543 989 2654 reip.
1015 2541 1114 2626 statu
1142 2563 1181 2655 et
1212 2541 1384 2627 conditi-

398 2682 475 2761 on'e
498 2670 713 2793 eorumque
737 2676 932 2763 annorum
963 2682 1077 2763 rebus
1105 2681 1221 2793 gestis
1251 2682 1382 2796 expli-

400 2816 522 2900 canda
540 2816 643 2902 sunt.
685 2815 837 2929 ltaque,
855 2819 973 2919 etiam
993 2819 1034 2901 in
1054 2822 1157 2902 notis
1176 2840 1213 2901 et
1231 2820 1273 2903 in
1290 2821 1384 2933 ipsis

398 2956 641 3067 argumentis
668 2953 907 3068 Eclogarum
940 2975 979 3038 et
1011 2954 1312 3068 Georgicorum,
1342 2959 1385 3041 in

400 3093 546 3207 quibus
587 3085 768 3178 naturam
799 3114 838 3173 et
869 3113 991 3175 artem
1027 3096 1211 3176 carminis
1234 3071 1414 3207 potissi·x

399 3258 515 3316 mum
536 3233 685 3316 tradere
700 3232 900 3329 volebam,
920 3229 1110 3314 nonnulla
1138 3251 1386 3316 commemo-

278 3382 285 3396 ”
397 3372 496 3481 ravi,
526 3398 614 3481 quae
638 3367 687 3450 ad
708 3386 900 3481 tempora,
929 3372 972 3452 in
989 3370 1131 3483 quibus
1147 3399 1191 3453 ea
1215 3375 1387 3457 carmina
1467 3403 1470 3408 ’

400 3505 541 3617 scripta
572 3502 676 3602 sunt,
706 3505 974 3617 cognoscenda
1009 3499 1268 3619 spestarentsss'
1297 3502 1387 3594 Nisi

400 3641 508 3721 enim
543 3639 639 3766 vita,
667 3641 896 3741 -conditio‚·
926 3644 1084 3731 fortuna
1117 3646 1305 3745 austoris,
1346 3666 1386 3731 et

359 3825 363 3836 ·
398 3776 556 3887 publica
578 3793 710 3858 rerum
726 3771 861 3877 facies,
892 3807 1015 3893 quam
1034 3782 1117 3896 ipse
1136 3805 1225 3868 ante
1251 3786 1386 3867 oculos·

399 3911 581 4011 habebat,
611 3943 705 4000 cum
736 3914 929 4016 scriberet,
958 3942 1052 4004 nota
1087 3922 1147 4017 fit,
1192 3924 1316 4004 multa
1344 3926 1387 4007 in

320 4086 340 4115 a
401 4071 642 4161 unoquoque
660 4049 841 4167 scriptore
858 4053 1021 4140 obscura
1045 4085 1117 4140 nec
1147 4057 1237 4141 satis
1263 4090 1386 4172 expe-

402 4184 485 4269 dita
509 4214 665 4271 manere
701 4189 846 4273 necesse
876 4194 944 4278 est.
1008 4196 1279 4303 Quamobrem
1311 4198 1389 4282 hoc

403 4327 727 4439 interpretationis
745 4358 885 4442 genus,
900 4333 1009 4444 quod
1028 4360 1078 4418 ex
1092 4338 1271 4421 interiore
1284 4338 1387 4449 ejus-

1279 4479 1390 4562 modi
1440 4501 1442 4504 ·
