3575 5509
422 916 1397 980 mmm

407 1195 1353 1393 amormuni..
1457 1201 1473 1335 st

718 1586 1136 1635 W

419 1709 514 1839 An
545 1746 726 1862 Georgica
735 1766 882 1857 facetum
910 1762 999 1837 illud
1027 1779 1068 1837 ac
1095 1767 1195 1854 molle,
1218 1765 1314 1863 quod
1337 1786 1401 1867 pei

418 1886 543 1958 euliari
563 1888 684 1983 aliquo
711 1876 900 1961 Musarum
917 1910 1063 1959 munere
1074 1876 1232 1991 ¹'Virgilio
1256 1872 1403 1965 conces·

417 1997 496 2081 sum
525 2002 590 2079 effe
617 2010 787 2082 Horatius
816 2027 991 2083 memorat
1007 2012 1039 2095 *,
1072 2010 1218 2107 proprio
1243 2010 1402 2108 quodam
1472 2035 1474 2040 ·

314 2170 316 2174 ·
417 2133 529 2204 modo
545 2132 701 2231 spellare
717 2125 868 2208 videtur.
919 2131 1119 2207 Mollitudo
1135 2132 1283 2230 quidem
1298 2158 1343 2205 ex
1358 2159 1402 2208 eo

417 2255 526 2341 venit,
550 2248 660 2351 quod,
684 2278 769 2331 curn
787 2252 960 2355 exquifito
973 2256 1094 2353 aliquo
1110 2275 1146 2329 et
1169 2278 1401 2333 numerorum

403 2395 453 2469 ¹et
469 2370 638 2453 orationis
655 2382 753 2454 cultu
769 2380 891 2454 omnia
908 2372 1086 2453 elaborata
1099 2396 1135 2453 et
1152 2380 1308 2477 expolita
1320 2381 1401 2471 srnt,

415 2502 507 2574 nihil
522 2503 615 2589 duri,
639 2500 751 2575 scabri
769 2517 804 2575 et
825 2502 971 2589 horridi,
995 2500 1092 2597 quod
1116 2501 1152 2572 in
1175 2500 1300 2574 divino
1321 2502 1400 2576 Lu*

413 2625 516 2698 cretii
533 2626 692 2722 carmine
707 2625 869 2712 offendit,
892 2623 1070 2721 aspersum
1086 2624 1136 2696 est
1146 2654 1157 2708 ς
1182 2625 1284 2713 nihil,
1300 2627 1400 2723 quod
1420 2634 1425 2646 '

412 2740 524 2821 otiose
554 2765 655 2820 vacet
687 2764 748 2820 aut
776 2749 898 2830 utilius
923 2738 1024 2821 absit.
1075 2738 1154 2821 Nec
1180 2748 1291 2821 modo
1316 2772 1398 2848 ven

406 2859 542 2944 ¹bonurn
568 2872 700 2944 dileetu
727 2889 763 2944 et
784 2870 964 2970 juneiura,
987 2866 1240 2943 verumetiam
1257 2869 1396 2944 senten.

409 2995 540 3070 tiaram
571 2997 729 3083 veritate,
754 2994 890 3067 lumine
919 3018 960 3067 ac
988 2992 1138 3096 naturali
1169 2992 1334 3088 facilique
1361 3013 1398 3068 et

409 3135 494 3213 apto
514 3140 620 3205 nexu,
644 3117 778 3215 ingenii
798 3116 953 3213 artisque
974 3102 1123 3212 insignis
1142 3113 1261 3210 aliqua
1279 3114 1398 3187 felici-

409 3258 476 3328 tas,
499 3266 580 3338 quae
596 3244 634 3314 in
651 3232 805 3338 Virgilio
821 3260 906 3329 erat,
931 3232 1063 3327 effecit,
1088 3257 1128 3311 ut
1143 3238 1213 3310 leni
1233 3262 1275 3312 ac
1298 3240 1396 3317 sacili

409 3362 510 3436 cursu
526 3365 648 3437 omnia
663 3365 831 3452 defluant.
884 3356 1032 3439 Habent
1047 3357 1157 3461 porro
1172 3366 1316 3437 decutet
1336 3390 1395 3441 exi

409 3488 526 3559 cultam
565 3489 721 3583 aliquam
762 3492 961 3588 elegantium,
999 3488 1053 3563 uti
1084 3480 1403 3585 lQinstilianus'

408 3604 500 3686 istud
514 3612 661 3702 facetum
688 3612 835 3691 Horatii
852 3598 1126 3711 interpretatur;
1152 3633 1237 3682 curn
1257 3610 1394 3688 scilicet

405 3731 444 3807 in
461 3749 673 3828 argumento
684 3743 764 3806 tam
780 3736 877 3808 tenui
897 3752 932 3807 et
955 3721 1096 3820 humili,
1122 3728 1221 3829 quod
1245 3733 1290 3805 ad
1314 3731 1394 3808 rus-
1514 3741 1522 3751 ’

403 3857 515 3929 ticam
541 3858 709 3930 orationis
741 3850 967 3956 asperitatem
992 3874 1175 3953 tantopere
1192 3874 1264 3929 non
1282 3858 1392 3933 modo

357 4010 361 4021 ’
403 3981 559 4074 patebat,
593 3980 652 4054 sed
678 4000 713 4055 et
741 3983 948 4057 defleCiebat
976 4000 1012 4054 et
1038 3978 1245 4067 inclinabat,
1268 3969 1405 4052 omnia*

402 4095 470 4172 sint
487 4095 584 4190 scite,
610 4098 765 4193 honeste,
790 4121 827 4178 et
841 4099 1033 4198 liberaliter
1052 4102 1209 4189 mnata,
1233 4118 1273 4173 ut
1294 4095 1390 4195 poli-

439 4299 457 4333 *
478 4304 534 4362 Sar.
548 4303 574 4373 Ι,
588 4317 632 4376 io,
646 4327 693 4385 44.
703 4329 740 4389 45
750 4310 819 4370 molle
830 4324 871 4367 ar·
920 4309 979 4388 sup.
992 4311 1023 4368 dt
1040 4310 1161 4367 Carmine
1173 4302 1276 4364 inolito
1290 4320 1319 4379 p.
1341 4318 1389 4377 13.

400 4395 447 4457 que
460 4388 577 4459 faenum
604 4386 709 4464 Virgilio
730 4391 873 4450 adnuerunt
957 4386 1060 4451 'tllffli
1073 4384 1129 4458 Vl,
1143 4398 1172 4463 32
1184 4400 1232 4443 ²0·

392 4460 531 4533 gaudentes
557 4483 617 4519 rure
643 4466 775 4527 Camenae·
811 4463 870 4526 vid·
924 4506 930 4515 «-

447 4568 540 4647 Totr
577 4597 605 4649 1.
833 4591 836 4596 ’
918 4573 957 4651 Ν
1297 4589 1388 4660 tum,
