<?xml version="1.0" encoding="UTF-8"?>
<!DOCTYPE html PUBLIC "-//W3C//DTD XHTML 1.0 Transitional//EN"
    "http://www.w3.org/TR/xhtml1/DTD/xhtml1-transitional.dtd">
<html xmlns="http://www.w3.org/1999/xhtml" xml:lang="en" lang="en">
 <head>
  <title>
</title>
<meta http-equiv="Content-Type" content="text/html;charset=utf-8" />
  <meta name='ocr-system' content='tesseract 3.04.00' />
  <meta name='ocr-capabilities' content='ocr_page ocr_carea ocr_par ocr_line ocrx_word'/>
</head>
<body>
  <div class='ocr_page' id='page_1' title='image "./operavarietatel00virggoog/operavarietatel00virggoog_0069.png"; bbox 0 0 3575 5509; ppageno 0'>
   <div class='ocr_carea' id='block_1_1' title="bbox 587 682 1337 772">
    <p class='ocr_par' dir='ltr' id='par_1_1' title="bbox 587 682 1337 772">
     <span class='ocr_line' id='line_1_1' title="bbox 587 682 1337 772; baseline 0.013 -12"><span class='ocrx_word' id='word_1_1' title='bbox 587 682 949 761; x_wconf 88' lang='lat' dir='ltr'>CODICIBUS</span> <span class='ocrx_word' id='word_1_2' title='bbox 992 687 1101 764; x_wconf 88' lang='lat' dir='ltr'><strong>MSS.</strong></span> <span class='ocrx_word' id='word_1_3' title='bbox 1269 714 1337 772; x_wconf 76' lang='grc' dir='ltr'>ιιι</span> 
     </span>
    </p>
   </div>
   <div class='ocr_carea' id='block_1_2' title="bbox 339 880 1330 1482">
    <p class='ocr_par' dir='ltr' id='par_1_2' title="bbox 339 880 1330 1482">
     <span class='ocr_line' id='line_1_2' title="bbox 340 880 1330 986; baseline -0.008 -20"><span class='ocrx_word' id='word_1_4' title='bbox 340 889 475 967; x_wconf 84' lang='lat' dir='ltr'>tullum</span> <span class='ocrx_word' id='word_1_5' title='bbox 489 905 525 962; x_wconf 91' lang='lat' dir='ltr'>et</span> <span class='ocrx_word' id='word_1_6' title='bbox 541 901 752 981; x_wconf 90' lang='lat' dir='ltr'>excerptum</span> <span class='ocrx_word' id='word_1_7' title='bbox 769 880 848 971; x_wconf 81' lang='lat' dir='ltr'>else,</span> <span class='ocrx_word' id='word_1_8' title='bbox 863 907 974 980; x_wconf 91' lang='lat' dir='ltr'>quem</span> <span class='ocrx_word' id='word_1_9' title='bbox 984 884 1045 958; x_wconf 92' lang='lat' dir='ltr'>ille</span> <span class='ocrx_word' id='word_1_10' title='bbox 1055 911 1075 959; x_wconf 86' lang='lat' dir='ltr'>a</span> <span class='ocrx_word' id='word_1_11' title='bbox 1086 887 1232 986; x_wconf 84' lang='lat' dir='ltr'>Marqu.</span> <span class='ocrx_word' id='word_1_12' title='bbox 1247 887 1330 964; x_wconf 86' lang='lat' dir='ltr'>Gu.</span> 
     </span>
     <span class='ocr_line' id='line_1_3' title="bbox 342 996 1327 1110; baseline -0.007 -19"><span class='ocrx_word' id='word_1_13' title='bbox 342 1019 401 1092; x_wconf 91' lang='lat' dir='ltr'>dio</span> <span class='ocrx_word' id='word_1_14' title='bbox 423 996 621 1110; x_wconf 77' lang='lat' dir='ltr'>acceperat,</span> <span class='ocrx_word' id='word_1_15' title='bbox 639 1033 754 1106; x_wconf 91' lang='lat' dir='ltr'>quum</span> <span class='ocrx_word' id='word_1_16' title='bbox 780 1008 916 1079; x_wconf 86' lang='lat' dir='ltr'>iseum</span> <span class='ocrx_word' id='word_1_17' title='bbox 944 1007 1112 1107; x_wconf 86' lang='lat' dir='ltr'>Lugduni</span> <span class='ocrx_word' id='word_1_18' title='bbox 1137 1011 1174 1081; x_wconf 91' lang='lat' dir='ltr'>in</span> <span class='ocrx_word' id='word_1_19' title='bbox 1199 1010 1327 1084; x_wconf 80' lang='lat' dir='ltr'>Galliis</span> 
     </span>
     <span class='ocr_line' id='line_1_4' title="bbox 339 1131 1327 1236; baseline -0.015 -20"><span class='ocrx_word' id='word_1_20' title='bbox 339 1136 550 1216; x_wconf 83' lang='lat' dir='ltr'>redemiffet.</span> <span class='ocrx_word' id='word_1_21' title='bbox 577 1132 673 1206; x_wconf 91' lang='lat' dir='ltr'>Illud</span> <span class='ocrx_word' id='word_1_22' title='bbox 692 1131 785 1224; x_wconf 81' lang='lat' dir='ltr'>forte</span> <span class='ocrx_word' id='word_1_23' title='bbox 801 1153 1032 1236; x_wconf 82' lang='lat' dir='ltr'>monerenon</span> <span class='ocrx_word' id='word_1_24' title='bbox 1049 1156 1182 1204; x_wconf 88' lang='lat' dir='ltr'>vanum</span> <span class='ocrx_word' id='word_1_25' title='bbox 1198 1153 1232 1206; x_wconf 90' lang='lat' dir='ltr'>et</span> <span class='ocrx_word' id='word_1_26' title='bbox 1243 1136 1327 1208; x_wconf 87' lang='lat' dir='ltr'>inu.</span> 
     </span>
     <span class='ocr_line' id='line_1_5' title="bbox 340 1250 1326 1351; baseline -0.009 -13"><span class='ocrx_word' id='word_1_27' title='bbox 340 1265 404 1338; x_wconf 88' lang='lat' dir='ltr'>tile</span> <span class='ocrx_word' id='word_1_28' title='bbox 419 1263 539 1348; x_wconf 84' lang='lat' dir='ltr'>fuerit,</span> <span class='ocrx_word' id='word_1_29' title='bbox 554 1260 591 1331; x_wconf 92' lang='lat' dir='ltr'>in</span> <span class='ocrx_word' id='word_1_30' title='bbox 610 1255 680 1330; x_wconf 87' lang='lat' dir='ltr'>Ge.</span> <span class='ocrx_word' id='word_1_31' title='bbox 703 1254 721 1326; x_wconf 93' lang='lat'><em>1</em></span> <span class='ocrx_word' id='word_1_32' title='bbox 740 1252 818 1351; x_wconf 89' lang='lat' dir='ltr'>post</span> <span class='ocrx_word' id='word_1_33' title='bbox 834 1277 867 1323; x_wconf 93' lang='lat' dir='ltr'>v.</span> <span class='ocrx_word' id='word_1_34' title='bbox 888 1273 931 1349; x_wconf 78' lang='lat'>52</span> <span class='ocrx_word' id='word_1_35' title='bbox 948 1275 1019 1323; x_wconf 94' lang='lat' dir='ltr'>non</span> <span class='ocrx_word' id='word_1_36' title='bbox 1036 1250 1104 1324; x_wconf 88' lang='lat' dir='ltr'>effe</span> <span class='ocrx_word' id='word_1_37' title='bbox 1121 1252 1269 1343; x_wconf 87' lang='lat' dir='ltr'>hiatum,</span> <span class='ocrx_word' id='word_1_38' title='bbox 1286 1275 1326 1351; x_wconf 83' lang='lat' dir='ltr'>ut</span> 
     </span>
     <span class='ocr_line' id='line_1_6' title="bbox 339 1372 1328 1482; baseline -0.011 -22"><span class='ocrx_word' id='word_1_39' title='bbox 339 1390 378 1460; x_wconf 90' lang='lat' dir='ltr'>in</span> <span class='ocrx_word' id='word_1_40' title='bbox 388 1383 553 1482; x_wconf 82' lang='lat' dir='ltr'>margine</span> <span class='ocrx_word' id='word_1_41' title='bbox 563 1379 778 1474; x_wconf 90' lang='lat' dir='ltr'>adscriptum</span> <span class='ocrx_word' id='word_1_42' title='bbox 787 1374 848 1464; x_wconf 89' lang='lat' dir='ltr'>est,</span> <span class='ocrx_word' id='word_1_43' title='bbox 860 1372 920 1460; x_wconf 79' lang='lat' dir='ltr'>sed</span> <span class='ocrx_word' id='word_1_44' title='bbox 930 1373 1235 1469; x_wconf 86' lang='lat' dir='ltr'>transpofitionem</span> <span class='ocrx_word' id='word_1_45' title='bbox 1247 1401 1328 1472; x_wconf 49' lang='lat' dir='ltr'>verf-</span> 
     </span>
    </p>
   </div>
   <div class='ocr_carea' id='block_1_3' title="bbox 302 1496 1447 4705">
    <p class='ocr_par' dir='ltr' id='par_1_3' title="bbox 337 1496 1421 2847">
     <span class='ocr_line' id='line_1_7' title="bbox 337 1496 1324 1601; baseline -0.009 -20"><span class='ocrx_word' id='word_1_46' title='bbox 337 1508 456 1580; x_wconf 90' lang='lat' dir='ltr'>suum.</span> <span class='ocrx_word' id='word_1_47' title='bbox 510 1506 709 1601; x_wconf 86' lang='lat' dir='ltr'>Sequuntur</span> <span class='ocrx_word' id='word_1_48' title='bbox 732 1501 830 1571; x_wconf 92' lang='lat' dir='ltr'>enim</span> <span class='ocrx_word' id='word_1_49' title='bbox 869 1496 985 1572; x_wconf 86' lang='lat' dir='ltr'>versus</span> <span class='ocrx_word' id='word_1_50' title='bbox 1012 1519 1179 1592; x_wconf 79' lang='lat'>53-104</span> <span class='ocrx_word' id='word_1_51' title='bbox 1203 1500 1324 1595; x_wconf 86' lang='lat' dir='ltr'>paullo</span> 
     </span>
     <span class='ocr_line' id='line_1_8' title="bbox 339 1606 1326 1727; baseline -0.005 -25"><span class='ocrx_word' id='word_1_52' title='bbox 339 1631 421 1727; x_wconf 92' lang='lat' dir='ltr'>post</span> <span class='ocrx_word' id='word_1_53' title='bbox 446 1627 560 1700; x_wconf 82' lang='lat' dir='ltr'>versus</span> <span class='ocrx_word' id='word_1_54' title='bbox 588 1647 778 1722; x_wconf 70' lang='lat' dir='ltr'>rog-130</span> <span class='ocrx_word' id='word_1_55' title='bbox 802 1623 896 1696; x_wconf 87' lang='lat' dir='ltr'>male</span> <span class='ocrx_word' id='word_1_56' title='bbox 920 1622 979 1694; x_wconf 90' lang='lat' dir='ltr'>hic</span> <span class='ocrx_word' id='word_1_57' title='bbox 1005 1606 1162 1695; x_wconf 83' lang='lat' dir='ltr'>insertos.</span> <span class='ocrx_word' id='word_1_58' title='bbox 1214 1619 1326 1698; x_wconf 89' lang='lat' dir='ltr'>Porro</span> 
     </span>
     <span class='ocr_line' id='line_1_9' title="bbox 342 1749 1326 1853; baseline -0.006 -23"><span class='ocrx_word' id='word_1_59' title='bbox 342 1756 411 1830; x_wconf 88' lang='lat' dir='ltr'>Ge.</span> <span class='ocrx_word' id='word_1_60' title='bbox 426 1755 463 1828; x_wconf 91' lang='lat' dir='ltr'>ll</span> <span class='ocrx_word' id='word_1_61' title='bbox 472 1755 549 1853; x_wconf 87' lang='lat' dir='ltr'>post</span> <span class='ocrx_word' id='word_1_62' title='bbox 559 1778 594 1825; x_wconf 87' lang='lat' dir='ltr'>v.</span> <span class='ocrx_word' id='word_1_63' title='bbox 608 1753 789 1849; x_wconf 70' lang='lat' dir='ltr'>gilacuna</span> <span class='ocrx_word' id='word_1_64' title='bbox 799 1753 836 1823; x_wconf 93' lang='lat' dir='ltr'>in</span> <span class='ocrx_word' id='word_1_65' title='bbox 846 1750 969 1824; x_wconf 84' lang='lat' dir='ltr'>oculos</span> <span class='ocrx_word' id='word_1_66' title='bbox 982 1749 1130 1822; x_wconf 91' lang='lat' dir='ltr'>incurrit</span> <span class='ocrx_word' id='word_1_67' title='bbox 1139 1749 1183 1821; x_wconf 85' lang='lat' dir='ltr'>ad</span> <span class='ocrx_word' id='word_1_68' title='bbox 1195 1772 1231 1845; x_wconf 31' lang='lat' dir='ltr'>v..</span> <span class='ocrx_word' id='word_1_69' title='bbox 1243 1752 1326 1846; x_wconf 81' lang='lat'>260,</span> 
     </span>
     <span class='ocr_line' id='line_1_10' title="bbox 340 1875 1323 1979; baseline -0.001 -24"><span class='ocrx_word' id='word_1_70' title='bbox 340 1907 448 1979; x_wconf 80' lang='lat' dir='ltr'>quam</span> <span class='ocrx_word' id='word_1_71' title='bbox 464 1883 608 1979; x_wconf 83' lang='lat' dir='ltr'>explere</span> <span class='ocrx_word' id='word_1_72' title='bbox 625 1879 739 1952; x_wconf 94' lang='lat' dir='ltr'>voluit</span> <span class='ocrx_word' id='word_1_73' title='bbox 755 1877 824 1951; x_wconf 84' lang='lat' dir='ltr'>alia</span> <span class='ocrx_word' id='word_1_74' title='bbox 838 1877 898 1949; x_wconf 88' lang='lat' dir='ltr'>sed</span> <span class='ocrx_word' id='word_1_75' title='bbox 909 1875 1087 1948; x_wconf 79' lang='lat' dir='ltr'>indoclior</span> <span class='ocrx_word' id='word_1_76' title='bbox 1103 1900 1239 1965; x_wconf 85' lang='lat' dir='ltr'>manus,</span> <span class='ocrx_word' id='word_1_77' title='bbox 1254 1903 1323 1954; x_wconf 90' lang='lat' dir='ltr'>nec</span> 
     </span>
     <span class='ocr_line' id='line_1_11' title="bbox 341 1998 1350 2100; baseline -0.011 -23"><span class='ocrx_word' id='word_1_78' title='bbox 341 2023 460 2078; x_wconf 83' lang='lat' dir='ltr'>tamen</span> <span class='ocrx_word' id='word_1_79' title='bbox 470 2003 544 2076; x_wconf 81' lang='lat' dir='ltr'>solii</span> <span class='ocrx_word' id='word_1_80' title='bbox 556 2004 712 2100; x_wconf 84' lang='lat' dir='ltr'>spatium</span> <span class='ocrx_word' id='word_1_81' title='bbox 722 2003 802 2098; x_wconf 91' lang='lat' dir='ltr'>plus</span> <span class='ocrx_word' id='word_1_82' title='bbox 811 2024 995 2097; x_wconf 77' lang='lat' dir='ltr'>quamav,</span> <span class='ocrx_word' id='word_1_83' title='bbox 1009 2019 1052 2093; x_wconf 82' lang='lat'>52</span> <span class='ocrx_word' id='word_1_84' title='bbox 1064 1998 1108 2071; x_wconf 86' lang='lat' dir='ltr'>ad</span> <span class='ocrx_word' id='word_1_85' title='bbox 1121 2024 1183 2073; x_wconf 87' lang='lat'>211</span> <span class='ocrx_word' id='word_1_86' title='bbox 1203 2003 1325 2098; x_wconf 86' lang='lat' dir='ltr'>capie.</span> <span class='ocrx_word' id='word_1_87' title='bbox 1344 2080 1350 2084; x_wconf 27' lang='lat'>¹</span> 
     </span>
     <span class='ocr_line' id='line_1_12' title="bbox 340 2126 1325 2226; baseline 0.001 -26"><span class='ocrx_word' id='word_1_88' title='bbox 340 2127 416 2200; x_wconf 86' lang='lat' dir='ltr'>bat.</span> <span class='ocrx_word' id='word_1_89' title='bbox 468 2130 519 2201; x_wconf 84' lang='lat' dir='ltr'>At</span> <span class='ocrx_word' id='word_1_90' title='bbox 529 2129 574 2200; x_wconf 86' lang='lat' dir='ltr'>ab</span> <span class='ocrx_word' id='word_1_91' title='bbox 584 2131 727 2226; x_wconf 77' lang='lat' dir='ltr'>antiqua</span> <span class='ocrx_word' id='word_1_92' title='bbox 741 2126 934 2225; x_wconf 83' lang='lat' dir='ltr'>manujam</span> <span class='ocrx_word' id='word_1_93' title='bbox 945 2126 1034 2198; x_wconf 93' lang='lat' dir='ltr'>olim</span> <span class='ocrx_word' id='word_1_94' title='bbox 1047 2126 1142 2198; x_wconf 88' lang='lat' dir='ltr'>idem</span> <span class='ocrx_word' id='word_1_95' title='bbox 1151 2126 1325 2202; x_wconf 89' lang='lat' dir='ltr'>damnum</span> 
     </span>
     <span class='ocr_line' id='line_1_13' title="bbox 341 2250 1325 2350; baseline 0.002 -25"><span class='ocrx_word' id='word_1_96' title='bbox 341 2251 474 2325; x_wconf 86' lang='lat' dir='ltr'>sartum</span> <span class='ocrx_word' id='word_1_97' title='bbox 491 2250 558 2325; x_wconf 85' lang='lat' dir='ltr'>elle</span> <span class='ocrx_word' id='word_1_98' title='bbox 574 2251 871 2350; x_wconf 84' lang='lat' dir='ltr'>deprehendimus</span> <span class='ocrx_word' id='word_1_99' title='bbox 887 2252 925 2324; x_wconf 95' lang='lat' dir='ltr'>in</span> <span class='ocrx_word' id='word_1_100' title='bbox 942 2251 1040 2340; x_wconf 89' lang='lat' dir='ltr'>folio,</span> <span class='ocrx_word' id='word_1_101' title='bbox 1056 2251 1153 2346; x_wconf 91' lang='lat' dir='ltr'>quod</span> <span class='ocrx_word' id='word_1_102' title='bbox 1171 2253 1263 2324; x_wconf 87' lang='lat' dir='ltr'>male</span> <span class='ocrx_word' id='word_1_103' title='bbox 1278 2254 1325 2327; x_wconf 88' lang='lat' dir='ltr'>ad</span> 
     </span>
     <span class='ocr_line' id='line_1_14' title="bbox 342 2375 1325 2476; baseline 0.002 -26"><span class='ocrx_word' id='word_1_104' title='bbox 342 2379 487 2467; x_wconf 88' lang='lat' dir='ltr'>calcem,</span> <span class='ocrx_word' id='word_1_105' title='bbox 511 2377 646 2450; x_wconf 85' lang='lat' dir='ltr'>inversa</span> <span class='ocrx_word' id='word_1_106' title='bbox 660 2379 809 2475; x_wconf 91' lang='lat' dir='ltr'>quidem</span> <span class='ocrx_word' id='word_1_107' title='bbox 827 2375 928 2463; x_wconf 85' lang='lat' dir='ltr'>facie,</span> <span class='ocrx_word' id='word_1_108' title='bbox 953 2378 1041 2450; x_wconf 93' lang='lat' dir='ltr'>dum</span> <span class='ocrx_word' id='word_1_109' title='bbox 1066 2379 1325 2476; x_wconf 79' lang='lat' dir='ltr'>compingeba-</span> 
     </span>
     <span class='ocr_line' id='line_1_15' title="bbox 339 2500 1322 2598; baseline 0.006 -25"><span class='ocrx_word' id='word_1_110' title='bbox 339 2517 397 2573; x_wconf 89' lang='lat' dir='ltr'>tur</span> <span class='ocrx_word' id='word_1_111' title='bbox 412 2501 512 2589; x_wconf 90' lang='lat' dir='ltr'>liber,</span> <span class='ocrx_word' id='word_1_112' title='bbox 521 2500 686 2574; x_wconf 84' lang='lat' dir='ltr'>adsutum</span> <span class='ocrx_word' id='word_1_113' title='bbox 698 2502 768 2585; x_wconf 88' lang='lat' dir='ltr'>est;</span> <span class='ocrx_word' id='word_1_114' title='bbox 786 2525 1005 2598; x_wconf 86' lang='lat' dir='ltr'>quamquam</span> <span class='ocrx_word' id='word_1_115' title='bbox 1016 2527 1080 2575; x_wconf 89' lang='lat' dir='ltr'>nec</span> <span class='ocrx_word' id='word_1_116' title='bbox 1094 2504 1162 2576; x_wconf 90' lang='lat' dir='ltr'>hoc</span> <span class='ocrx_word' id='word_1_117' title='bbox 1174 2505 1322 2580; x_wconf 75' lang='lat' dir='ltr'>ulterius</span> 
     </span>
     <span class='ocr_line' id='line_1_16' title="bbox 340 2623 1323 2726; baseline 0.007 -30"><span class='ocrx_word' id='word_1_118' title='bbox 340 2647 450 2720; x_wconf 83' lang='lat' dir='ltr'>quam</span> <span class='ocrx_word' id='word_1_119' title='bbox 465 2624 511 2698; x_wconf 87' lang='lat' dir='ltr'>ad</span> <span class='ocrx_word' id='word_1_120' title='bbox 525 2623 624 2702; x_wconf 82' lang='lat' dir='ltr'>verl.·</span> <span class='ocrx_word' id='word_1_121' title='bbox 638 2646 708 2720; x_wconf 81' lang='lat'>234</span> <span class='ocrx_word' id='word_1_122' title='bbox 724 2623 907 2721; x_wconf 87' lang='lat' dir='ltr'>procedit;</span> <span class='ocrx_word' id='word_1_123' title='bbox 934 2623 993 2696; x_wconf 86' lang='lat' dir='ltr'>sed</span> <span class='ocrx_word' id='word_1_124' title='bbox 1011 2624 1107 2697; x_wconf 88' lang='lat' dir='ltr'>frons</span> <span class='ocrx_word' id='word_1_125' title='bbox 1123 2625 1198 2726; x_wconf 91' lang='lat' dir='ltr'>ejus</span> <span class='ocrx_word' id='word_1_126' title='bbox 1211 2631 1323 2707; x_wconf 79' lang='lat' dir='ltr'>altera</span> 
     </span>
     <span class='ocr_line' id='line_1_17' title="bbox 341 2743 1421 2847; baseline 0.011 -28"><span class='ocrx_word' id='word_1_127' title='bbox 341 2747 462 2820; x_wconf 70' lang='lat' dir='ltr'>abrasa</span> <span class='ocrx_word' id='word_1_128' title='bbox 484 2773 594 2847; x_wconf 82' lang='lat' dir='ltr'>nugas</span> <span class='ocrx_word' id='word_1_129' title='bbox 618 2750 664 2822; x_wconf 89' lang='lat' dir='ltr'>ab</span> <span class='ocrx_word' id='word_1_130' title='bbox 699 2768 839 2822; x_wconf 86' lang='lat' dir='ltr'>recente</span> <span class='ocrx_word' id='word_1_131' title='bbox 872 2771 981 2820; x_wconf 87' lang='lat' dir='ltr'>manu</span> <span class='ocrx_word' id='word_1_132' title='bbox 1013 2749 1170 2845; x_wconf 85' lang='lat' dir='ltr'>recipere</span> <span class='ocrx_word' id='word_1_133' title='bbox 1201 2758 1323 2830; x_wconf 74' lang='lat' dir='ltr'>condia</span> <span class='ocrx_word' id='word_1_134' title='bbox 1413 2743 1421 2755; x_wconf 43' lang='lat'>⁸</span> 
     </span>
    </p>

    <p class='ocr_par' dir='ltr' id='par_1_4' title="bbox 302 2864 1326 3465">
     <span class='ocr_line' id='line_1_18' title="bbox 339 2864 1324 2970; baseline 0.005 -31"><span class='ocrx_word' id='word_1_135' title='bbox 339 2864 419 2945; x_wconf 80' lang='lat' dir='ltr'>suit.</span> <span class='ocrx_word' id='word_1_136' title='bbox 472 2872 622 2946; x_wconf 90' lang='lat' dir='ltr'>Videtur</span> <span class='ocrx_word' id='word_1_137' title='bbox 637 2871 806 2945; x_wconf 83' lang='lat' dir='ltr'>Heinsrus</span> <span class='ocrx_word' id='word_1_138' title='bbox 823 2875 890 2944; x_wconf 92' lang='lat' dir='ltr'>hoc</span> <span class='ocrx_word' id='word_1_139' title='bbox 908 2870 971 2944; x_wconf 90' lang='lat' dir='ltr'>sub</span> <span class='ocrx_word' id='word_1_140' title='bbox 988 2871 1179 2970; x_wconf 84' lang='lat' dir='ltr'>fragmenti</span> <span class='ocrx_word' id='word_1_141' title='bbox 1204 2876 1324 2952; x_wconf 89' lang='lat' dir='ltr'>Gudi.</span> 
     </span>
     <span class='ocr_line' id='line_1_19' title="bbox 302 2977 1324 3092; baseline -0.002 -24"><span class='ocrx_word' id='word_1_142' title='bbox 302 2977 303 2980; x_wconf 9' lang='grc' dir='ltr'><strong>Ἴ</strong></span> <span class='ocrx_word' id='word_1_143' title='bbox 340 2998 397 3069; x_wconf 86' lang='lat' dir='ltr'>ani</span> <span class='ocrx_word' id='word_1_144' title='bbox 409 2998 554 3071; x_wconf 88' lang='lat' dir='ltr'>nomine</span> <span class='ocrx_word' id='word_1_145' title='bbox 563 2998 707 3070; x_wconf 84' lang='lat' dir='ltr'>laudare</span> <span class='ocrx_word' id='word_1_146' title='bbox 718 2997 763 3068; x_wconf 85' lang='lat' dir='ltr'>ad</span> <span class='ocrx_word' id='word_1_147' title='bbox 776 2995 843 3070; x_wconf 87' lang='lat' dir='ltr'>Ge.</span> <span class='ocrx_word' id='word_1_148' title='bbox 864 2997 913 3085; x_wconf 89' lang='lat' dir='ltr'>Il,</span> <span class='ocrx_word' id='word_1_149' title='bbox 933 3001 999 3078; x_wconf 75' lang='lat'>823</span> <span class='ocrx_word' id='word_1_150' title='bbox 1025 3001 1121 3082; x_wconf 71' lang='lat' dir='ltr'>nom,</span> <span class='ocrx_word' id='word_1_151' title='bbox 1137 3000 1238 3092; x_wconf 94' lang='lat' dir='ltr'>quod</span> <span class='ocrx_word' id='word_1_152' title='bbox 1252 3000 1324 3072; x_wconf 86' lang='lat' dir='ltr'>ibi.</span> 
     </span>
     <span class='ocr_line' id='line_1_20' title="bbox 339 3117 1326 3217; baseline 0 -24"><span class='ocrx_word' id='word_1_153' title='bbox 339 3120 423 3193; x_wconf 87' lang='lat' dir='ltr'>dem</span> <span class='ocrx_word' id='word_1_154' title='bbox 439 3145 507 3217; x_wconf 89' lang='lat' dir='ltr'>pro</span> <span class='ocrx_word' id='word_1_155' title='bbox 524 3118 682 3193; x_wconf 88' lang='lat' dir='ltr'>Gudiani</span> <span class='ocrx_word' id='word_1_156' title='bbox 699 3119 782 3191; x_wconf 91' lang='lat' dir='ltr'>libri</span> <span class='ocrx_word' id='word_1_157' title='bbox 800 3120 952 3192; x_wconf 74' lang='lat' dir='ltr'>ledlione</span> <span class='ocrx_word' id='word_1_158' title='bbox 978 3117 1190 3205; x_wconf 85' lang='lat' dir='ltr'>venditatur,</span> <span class='ocrx_word' id='word_1_159' title='bbox 1207 3124 1326 3193; x_wconf 82' lang='lat' dir='ltr'>mirata</span> 
     </span>
     <span class='ocr_line' id='line_1_21' title="bbox 339 3240 1324 3341; baseline 0.005 -25"><span class='ocrx_word' id='word_1_160' title='bbox 339 3242 463 3341; x_wconf 83' lang='lat' dir='ltr'>estque,</span> <span class='ocrx_word' id='word_1_161' title='bbox 477 3245 514 3315; x_wconf 92' lang='lat' dir='ltr'>in</span> <span class='ocrx_word' id='word_1_162' title='bbox 531 3243 725 3316; x_wconf 86' lang='lat' dir='ltr'>recentiore</span> <span class='ocrx_word' id='word_1_163' title='bbox 741 3241 805 3315; x_wconf 92' lang='lat' dir='ltr'>illo</span> <span class='ocrx_word' id='word_1_164' title='bbox 821 3240 920 3328; x_wconf 84' lang='lat' dir='ltr'>folio,</span> <span class='ocrx_word' id='word_1_165' title='bbox 934 3240 1032 3339; x_wconf 93' lang='lat' dir='ltr'>quod</span> <span class='ocrx_word' id='word_1_166' title='bbox 1047 3258 1129 3314; x_wconf 89' lang='lat' dir='ltr'>ante</span> <span class='ocrx_word' id='word_1_167' title='bbox 1147 3267 1324 3321; x_wconf 72' lang='lat' dir='ltr'>memora-</span> 
     </span>
     <span class='ocr_line' id='line_1_22' title="bbox 339 3367 633 3465; baseline 0.007 -28"><span class='ocrx_word' id='word_1_168' title='bbox 339 3367 475 3455; x_wconf 75' lang='lat' dir='ltr'>bamus,</span> <span class='ocrx_word' id='word_1_169' title='bbox 493 3368 633 3465; x_wconf 87' lang='lat' dir='ltr'>legitur.</span> 
     </span>
    </p>

    <p class='ocr_par' dir='ltr' id='par_1_5' title="bbox 340 3487 1447 4591">
     <span class='ocr_line' id='line_1_23' title="bbox 394 3487 1324 3574; baseline 0.016 -16"><span class='ocrx_word' id='word_1_170' title='bbox 394 3487 574 3561; x_wconf 83' lang='lat' dir='ltr'>Caeterum</span> <span class='ocrx_word' id='word_1_171' title='bbox 593 3488 742 3561; x_wconf 87' lang='lat' dir='ltr'>infinitis</span> <span class='ocrx_word' id='word_1_172' title='bbox 758 3489 796 3560; x_wconf 93' lang='lat' dir='ltr'>in</span> <span class='ocrx_word' id='word_1_173' title='bbox 821 3490 909 3561; x_wconf 89' lang='lat' dir='ltr'>locis</span> <span class='ocrx_word' id='word_1_174' title='bbox 926 3491 1108 3565; x_wconf 89' lang='lat' dir='ltr'>turbatum</span> <span class='ocrx_word' id='word_1_175' title='bbox 1133 3497 1183 3568; x_wconf 88' lang='lat' dir='ltr'>est</span> <span class='ocrx_word' id='word_1_176' title='bbox 1206 3499 1244 3570; x_wconf 92' lang='lat' dir='ltr'>in</span> <span class='ocrx_word' id='word_1_177' title='bbox 1268 3499 1324 3574; x_wconf 82' lang='lat' dir='ltr'>his</span> 
     </span>
     <span class='ocr_line' id='line_1_24' title="bbox 343 3607 1324 3708; baseline 0.016 -27"><span class='ocrx_word' id='word_1_178' title='bbox 343 3607 491 3681; x_wconf 87' lang='lat' dir='ltr'>variant.</span> <span class='ocrx_word' id='word_1_179' title='bbox 508 3610 728 3698; x_wconf 73' lang='lat' dir='ltr'>lectionibus,</span> <span class='ocrx_word' id='word_1_180' title='bbox 744 3612 841 3708; x_wconf 91' lang='lat' dir='ltr'>quod</span> <span class='ocrx_word' id='word_1_181' title='bbox 856 3637 908 3685; x_wconf 85' lang='lat' dir='ltr'>eae</span> <span class='ocrx_word' id='word_1_182' title='bbox 923 3612 969 3686; x_wconf 86' lang='lat' dir='ltr'>ad</span> <span class='ocrx_word' id='word_1_183' title='bbox 983 3613 1135 3690; x_wconf 84' lang='lat' dir='ltr'>diversas</span> <span class='ocrx_word' id='word_1_184' title='bbox 1152 3621 1324 3698; x_wconf 78' lang='lat' dir='ltr'>editiones</span> 
     </span>
     <span class='ocr_line' id='line_1_25' title="bbox 343 3735 1326 3838; baseline 0.015 -31"><span class='ocrx_word' id='word_1_185' title='bbox 343 3753 493 3808; x_wconf 83' lang='lat' dir='ltr'>enoratae</span> <span class='ocrx_word' id='word_1_186' title='bbox 507 3753 542 3808; x_wconf 88' lang='lat' dir='ltr'>et</span> <span class='ocrx_word' id='word_1_187' title='bbox 552 3735 739 3832; x_wconf 87' lang='lat' dir='ltr'>adscriptae</span> <span class='ocrx_word' id='word_1_188' title='bbox 748 3755 867 3823; x_wconf 82' lang='lat' dir='ltr'>erant;</span> <span class='ocrx_word' id='word_1_189' title='bbox 886 3739 925 3811; x_wconf 92' lang='lat' dir='ltr'>id</span> <span class='ocrx_word' id='word_1_190' title='bbox 938 3740 1034 3837; x_wconf 93' lang='lat' dir='ltr'>quod</span> <span class='ocrx_word' id='word_1_191' title='bbox 1047 3766 1111 3838; x_wconf 85' lang='lat' dir='ltr'>per</span> <span class='ocrx_word' id='word_1_192' title='bbox 1122 3762 1239 3819; x_wconf 90' lang='lat' dir='ltr'>totum</span> <span class='ocrx_word' id='word_1_193' title='bbox 1252 3748 1326 3823; x_wconf 81' lang='lat' dir='ltr'>hoo</span> 
     </span>
     <span class='ocr_line' id='line_1_26' title="bbox 342 3861 1325 3969; baseline 0.02 -39"><span class='ocrx_word' id='word_1_194' title='bbox 342 3861 448 3931; x_wconf 84' lang='lat' dir='ltr'>variae</span> <span class='ocrx_word' id='word_1_195' title='bbox 466 3861 625 3933; x_wconf 74' lang='lat' dir='ltr'>lediionis</span> <span class='ocrx_word' id='word_1_196' title='bbox 641 3888 764 3960; x_wconf 89' lang='lat' dir='ltr'>genus,</span> <span class='ocrx_word' id='word_1_197' title='bbox 779 3866 815 3936; x_wconf 92' lang='lat' dir='ltr'>in</span> <span class='ocrx_word' id='word_1_198' title='bbox 831 3867 909 3938; x_wconf 86' lang='lat' dir='ltr'>aliis</span> <span class='ocrx_word' id='word_1_199' title='bbox 923 3890 1070 3965; x_wconf 72' lang='lat' dir='ltr'>&#39;quoque</span> <span class='ocrx_word' id='word_1_200' title='bbox 1085 3870 1325 3969; x_wconf 84' lang='lat' dir='ltr'>scriptoribus,</span> 
     </span>
     <span class='ocr_line' id='line_1_27' title="bbox 342 3984 1325 4090; baseline 0.014 -36"><span class='ocrx_word' id='word_1_201' title='bbox 342 3984 516 4056; x_wconf 84' lang='lat' dir='ltr'>molestias</span> <span class='ocrx_word' id='word_1_202' title='bbox 526 3984 611 4058; x_wconf 85' lang='lat' dir='ltr'>lacit</span> <span class='ocrx_word' id='word_1_203' title='bbox 626 3987 840 4076; x_wconf 83' lang='lat' dir='ltr'>innumeras,</span> <span class='ocrx_word' id='word_1_204' title='bbox 854 3991 1088 4090; x_wconf 89' lang='lat' dir='ltr'>inprimisque</span> <span class='ocrx_word' id='word_1_205' title='bbox 1101 3997 1210 4072; x_wconf 85' lang='lat' dir='ltr'>fidem</span> <span class='ocrx_word' id='word_1_206' title='bbox 1219 4018 1255 4074; x_wconf 90' lang='lat' dir='ltr'>et</span> <span class='ocrx_word' id='word_1_207' title='bbox 1265 4003 1325 4075; x_wconf 86' lang='lat' dir='ltr'>di.</span> 
     </span>
     <span class='ocr_line' id='line_1_28' title="bbox 342 4105 1400 4215; baseline 0.015 -39"><span class='ocrx_word' id='word_1_208' title='bbox 342 4105 528 4202; x_wconf 83' lang='lat' dir='ltr'>ligentiam</span> <span class='ocrx_word' id='word_1_209' title='bbox 539 4109 870 4186; x_wconf 82' lang='lat' dir='ltr'>exscribentishaud</span> <span class='ocrx_word' id='word_1_210' title='bbox 879 4139 957 4186; x_wconf 85' lang='lat' dir='ltr'>raro</span> <span class='ocrx_word' id='word_1_211' title='bbox 967 4117 1003 4187; x_wconf 95' lang='lat' dir='ltr'>in</span> <span class='ocrx_word' id='word_1_212' title='bbox 1015 4115 1325 4215; x_wconf 85' lang='lat' dir='ltr'>suspicionemad.</span> <span class='ocrx_word' id='word_1_213' title='bbox 1392 4167 1400 4178; x_wconf 84' lang='lat'><em>-</em></span> 
     </span>
     <span class='ocr_line' id='line_1_29' title="bbox 341 4225 1325 4337; baseline 0.014 -37"><span class='ocrx_word' id='word_1_214' title='bbox 341 4225 453 4301; x_wconf 79' lang='lat' dir='ltr'>ducit</span> <span class='ocrx_word' id='word_1_215' title='bbox 506 4230 619 4304; x_wconf 85' lang='lat' dir='ltr'>Valde</span> <span class='ocrx_word' id='word_1_216' title='bbox 635 4233 823 4308; x_wconf 89' lang='lat' dir='ltr'>molestum</span> <span class='ocrx_word' id='word_1_217' title='bbox 840 4254 875 4308; x_wconf 88' lang='lat' dir='ltr'>et</span> <span class='ocrx_word' id='word_1_218' title='bbox 901 4236 990 4311; x_wconf 93' lang='lat' dir='ltr'>illud</span> <span class='ocrx_word' id='word_1_219' title='bbox 1007 4239 1066 4325; x_wconf 88' lang='lat' dir='ltr'>est,</span> <span class='ocrx_word' id='word_1_220' title='bbox 1083 4245 1179 4337; x_wconf 92' lang='lat' dir='ltr'>quod</span> <span class='ocrx_word' id='word_1_221' title='bbox 1205 4244 1325 4318; x_wconf 74' lang='lat' dir='ltr'>Hein-</span> 
     </span>
     <span class='ocr_line' id='line_1_30' title="bbox 341 4349 1326 4454; baseline 0.011 -29"><span class='ocrx_word' id='word_1_222' title='bbox 341 4349 409 4426; x_wconf 86' lang='lat' dir='ltr'>fius</span> <span class='ocrx_word' id='word_1_223' title='bbox 425 4378 496 4427; x_wconf 94' lang='lat' dir='ltr'>non</span> <span class='ocrx_word' id='word_1_224' title='bbox 512 4356 660 4445; x_wconf 83' lang='lat' dir='ltr'>notavit,</span> <span class='ocrx_word' id='word_1_225' title='bbox 677 4381 786 4454; x_wconf 87' lang='lat' dir='ltr'>quam</span> <span class='ocrx_word' id='word_1_226' title='bbox 803 4359 1011 4448; x_wconf 85' lang='lat' dir='ltr'>editionem,</span> <span class='ocrx_word' id='word_1_227' title='bbox 1035 4364 1080 4435; x_wconf 90' lang='lat' dir='ltr'>ad</span> <span class='ocrx_word' id='word_1_228' title='bbox 1105 4363 1203 4438; x_wconf 88' lang='lat' dir='ltr'>suam</span> <span class='ocrx_word' id='word_1_229' title='bbox 1221 4370 1326 4442; x_wconf 89' lang='lat' dir='ltr'>criti.</span> 
     </span>
     <span class='ocr_line' id='line_1_31' title="bbox 340 4479 1447 4591; baseline 0.003 -35"><span class='ocrx_word' id='word_1_230' title='bbox 340 4497 406 4556; x_wconf 85' lang='lat' dir='ltr'>cen</span> <span class='ocrx_word' id='word_1_231' title='bbox 416 4479 655 4573; x_wconf 74' lang='lat' dir='ltr'>emendatam,</span> <span class='ocrx_word' id='word_1_232' title='bbox 663 4485 783 4581; x_wconf 87' lang='lat' dir='ltr'>operis</span> <span class='ocrx_word' id='word_1_233' title='bbox 794 4484 945 4565; x_wconf 82' lang='lat' dir='ltr'>librariis</span> <span class='ocrx_word' id='word_1_234' title='bbox 956 4485 1201 4566; x_wconf 74' lang='lat' dir='ltr'>excudendum</span> <span class='ocrx_word' id='word_1_235' title='bbox 1212 4491 1327 4563; x_wconf 80' lang='lat' dir='ltr'>tradi.</span> <span class='ocrx_word' id='word_1_236' title='bbox 1437 4576 1447 4591; x_wconf 23' lang='grc' dir='ltr'><em>ο</em></span> 
     </span>
    </p>

    <p class='ocr_par' dir='ltr' id='par_1_6' title="bbox 1219 4611 1325 4705">
     <span class='ocr_line' id='line_1_32' title="bbox 1219 4611 1325 4705; baseline -0.009 -19"><span class='ocrx_word' id='word_1_237' title='bbox 1219 4611 1325 4705; x_wconf 85' lang='lat' dir='ltr'>derit,</span> 
     </span>
    </p>
   </div>
   <div class='ocr_carea' id='block_1_4' title="bbox 0 0 1792 5509">
    <p class='ocr_par' dir='ltr' id='par_1_7' title="bbox 0 0 1792 5509">
     <span class='ocr_line' id='line_1_33' title="bbox 0 0 1792 5509; baseline 0 1"><span class='ocrx_word' id='word_1_238' title='bbox 0 0 1792 5509; x_wconf 95' lang='lat' dir='ltr'> </span> 
     </span>
    </p>
   </div>
  </div>
 </body>
</html>
