3575 5509
411 623 459 687 ιο
531 601 608 685 on
634 540 924 696 canurun
952 597 1267 685 aucourco.

409 812 604 911 gratiorem
620 805 687 882 eise
704 807 820 895 sentit,
844 807 871 879 fi
901 806 963 879 ille
988 806 1052 879 sub
1078 805 1161 905 fagi*
1171 808 1319 900 umbra,
1342 806 1398 888 ad⁴

408 934 514 1009 rivuli
531 958 704 1021 murmur,
717 933 755 1004 in
773 929 873 1003 molli
890 931 999 1003 herba
1014 933 1104 1005 inter
1119 913 1274 1031 gregum
1290 936 1395 1010 exul-
1478 962 1480 966 ⁴

407 1060 570 1149 tationes,
594 1056 714 1129 sedens
726 1056 805 1129 ‘otio
820 1053 1027 1152 indulgeat?

638 1252 744 1311 Dicunt
757 1252 786 1309 in
799 1266 890 1309 tenero
902 1243 1025 1331 gramine
1037 1242 1184 1338 pinguium

540 1344 672 1423 Custodes
687 1341 778 1400 ovium
792 1341 923 1410 carmina,
939 1342 1024 1402 fistula

540 1434 699 1493 DeleCiante
710 1432 802 1499 deum,
822 1430 868 1516 eui
881 1451 963 1510 pecus
975 1447 1002 1489 et
1015 1433 1089 1513 nigri

619 1522 711 1581 Colles
724 1520 852 1580 Arcadia
862 1521 970 1599 placent
981 1520 1011 1581 ⁴.
1067 1566 1068 1569 ,

404 1708 523 1782 Potest
546 1707 575 1778 is
594 1706 693 1777 locus
719 1697 899 1775 interdum
927 1703 1016 1775 adeo
1032 1703 1165 1801 duplex
1188 1693 1268 1795 effen
1291 1724 1388 1784 utet

313 1887 318 1897 .
404 1833 434 1906 is
455 1832 668 1930 designetur,
693 1830 729 1901 in
758 1853 830 1926 quo
857 1826 976 1923 pastor
1002 1845 1132 1913 cantet,
1158 1845 1193 1901 et
1220 1828 1320 1915 aiter,
1345 1829 1386 1901 in

399 1981 475 2055 ,quo
505 1978 560 2027 res
588 1968 869 2026 commemorata
898 1952 995 2048 gesta
1022 1952 1087 2036 fit;
1112 1947 1213 2026 utin
1243 1948 1385 2048 Ecloga

356 2105 358 2110 ’
402 2082 544 2155 decima
560 2105 580 2151 a
597 2077 750 2176 Virgilio
767 2075 901 2149 factum
919 2078 1133 2156 videbimus.

451 2203 624 2302 Superest,
660 2193 702 2274 ut
736 2203 905 2275 nonnulla
955 2201 1175 2300 adjiciamus,
1211 2228 1294 2302 quae
1338 2203 1384 2278 ad

404 2332 599 2424 Virgilianos
630 2326 764 2419 Eclogar
794 2326 942 2421 propius
973 2326 1142 2422 speciant.
1191 2324 1274 2420 Jam
1305 2326 1385 2423 pri-

402 2478 503 2527 mum
531 2451 594 2523 nifi
611 2452 678 2522 alia
694 2450 818 2536 effent,
836 2440 965 2548 quibus
991 2451 1099 2525 Maro
1125 2452 1246 2549 magni
1263 2449 1388 2547 po‘e'tae'

400 2597 530 2648 nomen
547 2571 780 2668 consequutus
798 2572 858 2660 est,
874 2572 955 2645 solis
973 2574 1151 2647 Bucolicis
1166 2572 1295 2646 relietis
1319 2571 1383 2644 uix

399 2726 484 2773 eum
510 2701 548 2771 in
576 2697 719 2770 censum
746 2698 953 2795 principum
979 2698 1168 2796 poitarum
1190 2679 1384 2796 venturum¹

399 2822 499 2895 fuiiie
514 2822 677 2895 arbitror.
729 2822 870 2919 Ingenii
897 2823 1059 2897 enimin
1085 2823 1301 2896 inveniendo
1316 2821 1379 2895 vix

399 2971 569 3044 magnam
600 2946 705 3019 habet
731 2945 898 3030 laudem;
924 2948 1149 3043 Argumenta
1164 2946 1384 3032 carminum,'
1465 3017 1467 3022 .

397 3071 452 3142 uti
468 3070 590 3167 paullo
612 3088 694 3142 ante
721 3070 889 3157 vidimus,
914 3072 982 3142 alia
1008 3068 1087 3141 sunt
1112 3092 1156 3141 ex
1185 3066 1380 3140 Theocrito

398 3217 559 3270 mutuata
582 3215 619 3267 et
634 3195 814 3284 interdum
831 3193 954 3292 jejune
983 3193 1062 3267 satis
1090 3193 1248 3267 traducia
1271 3212 1333 3266 aut
1358 3214 1379 3267 e
1474 3176 1476 3182 ⁵

356 3327 357 3330 ’
397 3320 558 3413 pluribus
584 3319 795 3412 Idyiiiorum
821 3318 909 3391 locis
937 3336 1195 3415 coagmentata,
1218 3335 1258 3390 ut
1275 3318 1379 3390 tertia

397 3457 432 3510 et
449 3439 598 3534 septima
620 3435 778 3536 Ecloga3
803 3442 872 3533 alia
900 3464 970 3514 non
998 3443 1173 3515 bucolicae
1196 3458 1295 3513 erant
1313 3466 1378 3513 na-

395 3580 495 3650 turae,
520 3562 579 3635 sed
607 3581 745 3635 tantum
776 3566 821 3638 ad
849 3564 1097 3637 bucolicorum
1129 3583 1269 3636 morem
1297 3563 1378 3639 sunt

395 3686 551 3771 traciata,
574 3705 616 3759 ut
637 3687 768 3783 prima,
791 3706 927 3785 quarta,
955 3690 1063 3777 sexta,
1090 3714 1195 3777 nona,
1220 3689 1374 3768 decima.

395 3811 585 3883 Sententia
612 3831 732 3885 autem
754 3832 790 3885 et
822 3813 929 3885 verba
962 3839 1131 3912 magnam
1161 3832 1302 3911 partem
1332 3801 1380 3889 ex¹
1471 3805 1473 3810 ’

396 3931 593 4007 Theocrito
621 3936 701 4009 sunt
728 3937 921 4023 conversa;
958 3939 1026 4011 alia
1057 3938 1138 4011 funt
1169 3965 1190 4012 a
1217 3920 1376 4014 bucolici

394 4058 563 4131 carminis
578 4078 701 4131 natura
717 4061 841 4134 aliena.
892 4061 985 4163 Qis
1001 4062 1180 4159 pastorem
1205 4064 1294 4135 ferat
1312 4063 1378 4137 de-

392 4199 596 4294 cantantem
628 4182 709 4256 ilia:
750 4185 837 4258 Ante
863 4189 1046 4283 pererratis
1076 4187 1236 4259 amborum
1254 4183 1379 4278 finibus

669 4367 1044 4480 *normanna
1062 4426 1094 4488 a
1241 4495 1245 4501 .
1436 4493 1439 4500 ¹

1125 4604 1128 4613 ,
1303 4521 1382 4598 exul
