3575 5509
407 681 453 750 14
530 647 607 728 nu
642 639 917 720 canitura
949 636 1262 714 ouconrcu.

402 864 485 949 quae
501 837 674 940 copiofius
690 836 737 910 ab
753 836 832 910 aliis
847 836 915 909 hac
934 836 971 910 in
987 852 1088 933 parte
1097 835 1273 933 disputata
1283 834 1379 914 sunt.

402 971 446 1046 In
461 969 526 1040 hac
544 962 621 1061 ipsa
637 981 758 1035 tamen
779 959 1012 1058 simplicitate
1034 959 1234 1034 excluditur
1248 984 1291 1034 ex
1306 963 1379 1038 hoc
1449 987 1451 992 ·

398 1111 540 1192 genere,
553 1085 741 1188 quicquid,
761 1084 823 1157 etfi
851 1082 966 1181 ipsam
986 1085 1074 1163 vitae
1094 1084 1234 1184 rusticae
1249 1085 1385 1158 verita..

397 1237 473 1298 tem
512 1213 696 1312 exprimit,
732 1211 914 1309 ingratum
941 1227 1062 1283 tamen
1092 1210 1137 1284 ad
1168 1208 1306 1285 sensum
1337 1238 1383 1290 ae

398 1342 590 1417 molestum
629 1340 700 1423 est;
742 1360 858 1434 neque
896 1337 986 1408 adeo
1028 1336 1261 1410 admittendae
1300 1338 1384 1416 sunt

398 1464 529 1552 sordes,
552 1485 635 1562 quae
662 1459 828 1536 nauseam
870 1478 1048 1547 moveant,
1081 1486 1152 1534 non
1187 1465 1383 1541 verborum

397 1588 574 1670 rusticitas
596 1603 632 1659 ct
647 1583 827 1682 asperitas,
850 1606 925 1656 non
939 1582 1083 1681 agrestis
1106 1602 1141 1656 et
1159 1583 1257 1670 foeda
1277 1587 1383 1684 spur.

347 1807 351 1812 .
398 1714 521 1788 cities:
548 1736 619 1808 qua
646 1710 683 1782 in
707 1731 746 1782 re
771 1706 867 1780 haud
891 1707 999 1803 pauci
1024 1707 1166 1805 egregie
1182 1709 1258 1790 falfi
1273 1710 1382 1802 fuere,
1411 1761 1416 1775 .

397 1839 489 1913 dum
505 1833 715 1910 imitationis
731 1831 919 1906 veritatem
936 1830 1030 1903 male
1040 1828 1227 1928 jaeiarent.
1278 1834 1382 1914 Pone

396 1964 480 2040 sane
495 1986 582 2037 cum
597 1977 671 2035 arte
687 1975 724 2031 et
740 1980 826 2031 cum
842 1955 988 2053 ingenio
1003 1957 1161 2029 carmine
1175 1957 1279 2031 reddi
1296 1985 1378 2035 om.

397 2091 478 2177 nia,
495 2086 574 2185 quis
599 2078 729 2181 neget?
765 2078 949 2178 Qorsum
979 2095 1099 2156 tamen
1131 2079 1266 2155 studeas
1294 2084 1381 2159 imiq

396 2209 509 2288 tando
526 2206 724 2305 exprimere
744 2227 795 2288 ea,
819 2227 839 2274 a
863 2202 1004 2299 quibus,
1030 2202 1057 2279 fi
1084 2201 1181 2282 casus
1197 2204 1380 2297 obtulerit,

332 2406 334 2411 .
397 2338 521 2414 oculos
542 2333 774 2426 animumque
800 2328 1019 2402 avertimus?
1052 2346 1090 2402 et
1112 2355 1194 2426 quae
1220 2331 1281 2404 illa
1302 2334 1377 2408 laus
1420 2359 1422 2364 ·

397 2460 466 2534 effe
480 2456 606 2555 potest,
628 2452 875 2529 stimitatione
900 2476 941 2525 ea
964 2454 1054 2525 bene
1075 2452 1280 2553 reddideris,
1295 2456 1388 2554 qui-U

396 2584 478 2669 bus,
499 2578 526 2652 st
543 2578 581 2652 in
597 2600 680 2653 vera
705 2578 779 2653 vita
804 2576 1018 2673 exprelleris‚
1041 2577 1209 2650 omnibus
1224 2578 1379 2677 ingenue

396 2704 489 2780 natis
500 2701 730 2800 importunus
743 2724 785 2774 ac
802 2701 969 2776 molestus
996 2700 1182 2799 foedusque
1197 2704 1377 2780 videaris?
1484 2740 1489 2748 ·

398 2829 546 2918 Contra,
570 2826 682 2905 modo
705 2828 846 2925 placeat
871 2825 978 2925 poeta
1000 2849 1042 2899 ae
1060 2825 1224 2914 delectet,
1246 2828 1378 2903 freon,

397 2952 565 3030 filiosuo
595 2952 804 3051 respondere
830 2949 1002 3052 ejusmodi
1029 2947 1215 3026 audaciam
1246 2952 1377 3042 videat,

397 3076 488 3178 quid
517 3103 602 3156 eum
626 3096 723 3155 vetet
744 3071 927 3160 interdum
956 3075 1001 3149 ad
1031 3056 1229 3169 mythicam
1255 3076 1377 3151 homi-

396 3225 487 3273 num
502 3199 614 3273 vitam
630 3199 778 3298 propius
795 3198 974 3285 accedere,
998 3216 1032 3268 et
1050 3196 1155 3267 talem
1176 3221 1294 3270 rerum
1314 3222 1375 3271 or-

396 3323 532 3409 dinem,
568 3322 730 3412 modum,
755 3340 791 3396 et
823 3322 931 3396 satum
964 3323 1141 3410 exhibere,
1166 3325 1229 3419 qui
1257 3327 1374 3399 nullus
1485 3383 1488 3390 .

396 3466 556 3539 unquam
572 3441 637 3513 nifi
653 3445 690 3515 in
710 3444 898 3518 hominum
923 3444 1065 3542 egregia
1091 3446 1312 3543 imaginandi
1338 3450 1376 3537 vi
1402 3465 1406 3478 ’

394 3567 611 3664 pollentium
626 3567 754 3640 animis
772 3567 865 3651 suits
890 3592 931 3642 ea
954 3585 1073 3640 tamen
1090 3568 1254 3652 cautione
1270 3572 1375 3647 adhi.

395 3690 485 3779 bita,
508 3709 549 3767 ut
576 3718 621 3767 ne
647 3692 871 3767 incredibilia
897 3696 1002 3790 plane
1033 3711 1069 3766 et
1092 3694 1137 3766 ad
1160 3695 1375 3791 praesentcm

394 3815 484 3888 vitae
508 3814 806 3890 <consuetudinem
834 3817 933 3890 nullo
952 3817 1062 3895 modo
1079 3811 1282 3891 verisimilia
1304 3822 1376 3894 fin.

394 3951 470 4033 gat.
521 3932 706 4010 Interdum
734 3961 819 4010 vero
846 3938 933 4035 quid
960 3962 1043 4010 eum
1076 3962 1247 4036 negemus
1280 3945 1375 4018 anti.⁴

393 4083 506 4157 quam
530 4059 616 4131 vitae
631 4061 824 4157 pastoritiae
841 4062 1016 4133 rationem
1032 4062 1212 4159 elegantiis
1231 4082 1267 4138 et
1282 4068 1376 4142 deli·

394 4183 460 4257 ciis
483 4207 503 4256 e
525 4183 642 4259 nostra
656 4183 729 4255 vita
754 4186 884 4281 petitis,
908 4183 1019 4258 modo
1035 4184 1114 4258 saris
1123 4169 1374 4266 consentaneae

394 4302 473 4390 fint,
495 4320 695 4401 temperare
712 4307 903 4379 commode
927 4308 1048 4404 polle?
1073 4310 1158 4382 Non
1185 4312 1284 4385 enim
1309 4341 1376 4389 na-

392 4443 472 4508 tura
499 4425 603 4525 hujus
631 4407 797 4509 carminis
830 4429 948 4511 statim
976 4432 1126 4529 tollitur,
1154 4432 1180 4515 fi
1204 4439 1374 4515 naturalis

1150 4558 1375 4662 simplicitas,
