<?xml version="1.0" encoding="UTF-8"?>
<!DOCTYPE html PUBLIC "-//W3C//DTD XHTML 1.0 Transitional//EN"
    "http://www.w3.org/TR/xhtml1/DTD/xhtml1-transitional.dtd">
<html xmlns="http://www.w3.org/1999/xhtml" xml:lang="en" lang="en">
 <head>
  <title>
</title>
<meta http-equiv="Content-Type" content="text/html;charset=utf-8" />
  <meta name='ocr-system' content='tesseract 3.04.00' />
  <meta name='ocr-capabilities' content='ocr_page ocr_carea ocr_par ocr_line ocrx_word'/>
</head>
<body>
  <div class='ocr_page' id='page_1' title='image "./operavarietatel00virggoog_0016.png"; bbox 0 0 3575 5509; ppageno 0'>
   <div class='ocr_carea' id='block_1_1' title="bbox 233 645 1121 840">
    <p class='ocr_par' dir='ltr' id='par_1_1' title="bbox 233 645 1205 840">
     <span class='ocr_line' id='line_1_1' title="bbox 233 645 1121 840; baseline -0.012 -34"><span class='ocrx_word' id='word_1_1' title='bbox 233 666 238 673; x_wconf 69' lang='grc'><strong>’</strong></span> <span class='ocrx_word' id='word_1_2' title='bbox 328 676 334 684; x_wconf 72' lang='grc'><em>’</em></span> <span class='ocrx_word' id='word_1_3' title='bbox 399 747 448 805; x_wconf 81' lang='lat' dir='ltr'>v1</span> <span class='ocrx_word' id='word_1_4' title='bbox 691 645 1121 840; x_wconf 64' lang='lat' dir='ltr'>nuenario·</span> 
     </span>
    </p>
   </div>
   <div class='ocr_carea' id='block_1_2' title="bbox 273 910 1475 4469">
    <p class='ocr_par' dir='ltr' id='par_1_2' title="bbox 399 910 1434 1443">
     <span class='ocr_line' id='line_1_2' title="bbox 401 910 1385 1037; baseline -0.008 -19"><span class='ocrx_word' id='word_1_5' title='bbox 401 910 638 1021; x_wconf 78' lang='lat' dir='ltr'>adolescens,</span> <span class='ocrx_word' id='word_1_6' title='bbox 667 926 737 1037; x_wconf 89' lang='lat' dir='ltr'>qui</span> <span class='ocrx_word' id='word_1_7' title='bbox 759 926 801 1010; x_wconf 89' lang='lat' dir='ltr'>in</span> <span class='ocrx_word' id='word_1_8' title='bbox 826 923 994 1010; x_wconf 80' lang='lat' dir='ltr'>similem</span> <span class='ocrx_word' id='word_1_9' title='bbox 1011 947 1180 1007; x_wconf 85' lang='lat' dir='ltr'>errorem</span> <span class='ocrx_word' id='word_1_10' title='bbox 1196 938 1263 1010; x_wconf 79' lang='lat' dir='ltr'>aut</span> <span class='ocrx_word' id='word_1_11' title='bbox 1278 921 1385 1010; x_wconf 62' lang='lat' dir='ltr'>diffiv</span> 
     </span>
     <span class='ocr_line' id='line_1_3' title="bbox 401 1058 1387 1166; baseline -0.013 -13"><span class='ocrx_word' id='word_1_12' title='bbox 401 1072 587 1162; x_wconf 84' lang='lat' dir='ltr'>cultatem</span> <span class='ocrx_word' id='word_1_13' title='bbox 610 1085 674 1149; x_wconf 81' lang='lat' dir='ltr'>aut</span> <span class='ocrx_word' id='word_1_14' title='bbox 703 1064 744 1142; x_wconf 92' lang='lat' dir='ltr'>in</span> <span class='ocrx_word' id='word_1_15' title='bbox 773 1060 942 1148; x_wconf 88' lang='lat' dir='ltr'>eundem</span> <span class='ocrx_word' id='word_1_16' title='bbox 964 1062 1214 1166; x_wconf 79' lang='lat' dir='ltr'>interpretem</span> <span class='ocrx_word' id='word_1_17' title='bbox 1239 1058 1387 1153; x_wconf 41' lang='lat' dir='ltr'>incide*</span> 
     </span>
     <span class='ocr_line' id='line_1_4' title="bbox 399 1195 1434 1312; baseline -0.013 -21"><span class='ocrx_word' id='word_1_18' title='bbox 399 1212 466 1303; x_wconf 89' lang='lat' dir='ltr'>rit,</span> <span class='ocrx_word' id='word_1_19' title='bbox 486 1205 615 1287; x_wconf 88' lang='lat' dir='ltr'>statim</span> <span class='ocrx_word' id='word_1_20' title='bbox 633 1202 782 1291; x_wconf 88' lang='lat' dir='ltr'>habeat,</span> <span class='ocrx_word' id='word_1_21' title='bbox 809 1226 890 1308; x_wconf 90' lang='lat' dir='ltr'>quo</span> <span class='ocrx_word' id='word_1_22' title='bbox 910 1226 999 1278; x_wconf 90' lang='lat' dir='ltr'>eum</span> <span class='ocrx_word' id='word_1_23' title='bbox 1018 1195 1244 1312; x_wconf 38' lang='lat' dir='ltr'>redarguat„</span> <span class='ocrx_word' id='word_1_24' title='bbox 1292 1197 1385 1283; x_wconf 82' lang='lat' dir='ltr'>Cae-</span> <span class='ocrx_word' id='word_1_25' title='bbox 1432 1275 1434 1278; x_wconf 85' lang='grc'>,</span> 
     </span>
     <span class='ocr_line' id='line_1_5' title="bbox 400 1330 1389 1443; baseline -0.014 -18"><span class='ocrx_word' id='word_1_26' title='bbox 400 1364 529 1425; x_wconf 88' lang='lat' dir='ltr'>terum</span> <span class='ocrx_word' id='word_1_27' title='bbox 552 1366 639 1420; x_wconf 89' lang='lat' dir='ltr'>eam</span> <span class='ocrx_word' id='word_1_28' title='bbox 659 1336 788 1443; x_wconf 89' lang='lat' dir='ltr'>legem</span> <span class='ocrx_word' id='word_1_29' title='bbox 809 1351 848 1410; x_wconf 91' lang='lat' dir='ltr'>et</span> <span class='ocrx_word' id='word_1_30' title='bbox 868 1331 1057 1439; x_wconf 83' lang='lat' dir='ltr'>regulam,</span> <span class='ocrx_word' id='word_1_31' title='bbox 1087 1358 1175 1440; x_wconf 82' lang='lat' dir='ltr'>quae</span> <span class='ocrx_word' id='word_1_32' title='bbox 1203 1330 1389 1414; x_wconf 76' lang='lat' dir='ltr'>omnibus</span> 
     </span>
    </p>

    <p class='ocr_par' dir='ltr' id='par_1_3' title="bbox 347 1456 1390 1851">
     <span class='ocr_line' id='line_1_6' title="bbox 347 1456 1386 1586; baseline 0.009 -44"><span class='ocrx_word' id='word_1_33' title='bbox 347 1536 350 1542; x_wconf 81' lang='grc'><em>,</em></span> <span class='ocrx_word' id='word_1_34' title='bbox 400 1456 672 1586; x_wconf 77' lang='lat' dir='ltr'>interpretibus</span> <span class='ocrx_word' id='word_1_35' title='bbox 704 1464 901 1577; x_wconf 86' lang='lat' dir='ltr'>proposrta</span> <span class='ocrx_word' id='word_1_36' title='bbox 932 1462 1006 1544; x_wconf 86' lang='lat' dir='ltr'>else</span> <span class='ocrx_word' id='word_1_37' title='bbox 1034 1462 1162 1558; x_wconf 87' lang='lat' dir='ltr'>debet,</span> <span class='ocrx_word' id='word_1_38' title='bbox 1195 1486 1239 1547; x_wconf 89' lang='lat' dir='ltr'>ut</span> <span class='ocrx_word' id='word_1_39' title='bbox 1270 1466 1386 1559; x_wconf 85' lang='lat' dir='ltr'>nihil,</span> 
     </span>
     <span class='ocr_line' id='line_1_7' title="bbox 401 1606 1388 1731; baseline -0.005 -32"><span class='ocrx_word' id='word_1_40' title='bbox 401 1616 509 1731; x_wconf 91' lang='lat' dir='ltr'>quod</span> <span class='ocrx_word' id='word_1_41' title='bbox 527 1616 613 1696; x_wconf 91' lang='lat' dir='ltr'>luce</span> <span class='ocrx_word' id='word_1_42' title='bbox 632 1612 763 1718; x_wconf 84' lang='lat' dir='ltr'>aliqua</span> <span class='ocrx_word' id='word_1_43' title='bbox 779 1607 969 1717; x_wconf 84' lang='lat' dir='ltr'>indigeat,</span> <span class='ocrx_word' id='word_1_44' title='bbox 999 1631 1091 1690; x_wconf 85' lang='lat' dir='ltr'>cum</span> <span class='ocrx_word' id='word_1_45' title='bbox 1119 1606 1168 1685; x_wconf 91' lang='lat' dir='ltr'>ad</span> <span class='ocrx_word' id='word_1_46' title='bbox 1191 1606 1388 1694; x_wconf 78' lang='lat' dir='ltr'>illustran-</span> 
     </span>
     <span class='ocr_line' id='line_1_8' title="bbox 400 1732 1390 1851; baseline -0.021 -14"><span class='ocrx_word' id='word_1_47' title='bbox 400 1753 500 1838; x_wconf 84' lang='lat' dir='ltr'>dum</span> <span class='ocrx_word' id='word_1_48' title='bbox 518 1748 678 1829; x_wconf 91' lang='lat' dir='ltr'>difficile</span> <span class='ocrx_word' id='word_1_49' title='bbox 697 1743 756 1837; x_wconf 90' lang='lat' dir='ltr'>s1t,</span> <span class='ocrx_word' id='word_1_50' title='bbox 788 1743 971 1823; x_wconf 90' lang='lat' dir='ltr'>omittant</span> <span class='ocrx_word' id='word_1_51' title='bbox 990 1732 1034 1849; x_wconf 80' lang='lat' dir='ltr'>ac</span> <span class='ocrx_word' id='word_1_52' title='bbox 1052 1762 1294 1851; x_wconf 83' lang='lat' dir='ltr'>praetereant,</span> <span class='ocrx_word' id='word_1_53' title='bbox 1324 1744 1390 1829; x_wconf 77' lang='lat' dir='ltr'>ni.</span> 
     </span>
    </p>

    <p class='ocr_par' dir='ltr' id='par_1_4' title="bbox 296 1881 1464 2266">
     <span class='ocr_line' id='line_1_9' title="bbox 296 1881 1464 1998; baseline -0.004 -27"><span class='ocrx_word' id='word_1_54' title='bbox 296 1925 299 1929; x_wconf 92' lang='lat'>·</span> <span class='ocrx_word' id='word_1_55' title='bbox 400 1890 473 1984; x_wconf 90' lang='lat' dir='ltr'>hil,</span> <span class='ocrx_word' id='word_1_56' title='bbox 494 1887 603 1998; x_wconf 92' lang='lat' dir='ltr'>quod</span> <span class='ocrx_word' id='word_1_57' title='bbox 621 1884 708 1965; x_wconf 86' lang='lat' dir='ltr'>satis</span> <span class='ocrx_word' id='word_1_58' title='bbox 727 1882 825 1964; x_wconf 87' lang='lat' dir='ltr'>lucis</span> <span class='ocrx_word' id='word_1_59' title='bbox 845 1881 997 1975; x_wconf 85' lang='lat' dir='ltr'>habeat,</span> <span class='ocrx_word' id='word_1_60' title='bbox 1018 1882 1152 1965; x_wconf 86' lang='lat' dir='ltr'>alienis</span> <span class='ocrx_word' id='word_1_61' title='bbox 1171 1881 1387 1969; x_wconf 71' lang='lat' dir='ltr'>luminibus</span> <span class='ocrx_word' id='word_1_62' title='bbox 1448 1930 1464 1985; x_wconf 69' lang='grc' dir='ltr'><strong>χ</strong></span> 
     </span>
     <span class='ocr_line' id='line_1_10' title="bbox 386 2013 1417 2130; baseline -0.002 -23"><span class='ocrx_word' id='word_1_63' title='bbox 386 2023 531 2108; x_wconf 65' lang='lat' dir='ltr'>&#39;affufis</span> <span class='ocrx_word' id='word_1_64' title='bbox 558 2019 749 2126; x_wconf 63' lang='lat' dir='ltr'>offuscent</span> <span class='ocrx_word' id='word_1_65' title='bbox 780 2038 819 2097; x_wconf 86' lang='lat' dir='ltr'>et</span> <span class='ocrx_word' id='word_1_66' title='bbox 851 2013 1070 2125; x_wconf 82' lang='lat' dir='ltr'>obscurent,</span> <span class='ocrx_word' id='word_1_67' title='bbox 1103 2048 1308 2130; x_wconf 88' lang='lat' dir='ltr'>nunquam</span> <span class='ocrx_word' id='word_1_68' title='bbox 1338 2036 1417 2106; x_wconf 68' lang='lat' dir='ltr'>ex&#39;</span> 
     </span>
     <span class='ocr_line' id='line_1_11' title="bbox 400 2154 1388 2266; baseline -0.01 -24"><span class='ocrx_word' id='word_1_69' title='bbox 400 2159 524 2243; x_wconf 91' lang='lat' dir='ltr'>oculis</span> <span class='ocrx_word' id='word_1_70' title='bbox 542 2157 699 2251; x_wconf 89' lang='lat' dir='ltr'>dimifi,</span> <span class='ocrx_word' id='word_1_71' title='bbox 718 2175 834 2266; x_wconf 89' lang='lat' dir='ltr'>atque</span> <span class='ocrx_word' id='word_1_72' title='bbox 854 2184 899 2235; x_wconf 86' lang='lat' dir='ltr'>ea</span> <span class='ocrx_word' id='word_1_73' title='bbox 921 2155 1018 2236; x_wconf 88' lang='lat' dir='ltr'>adeo</span> <span class='ocrx_word' id='word_1_74' title='bbox 1036 2155 1222 2238; x_wconf 89' lang='lat' dir='ltr'>industria</span> <span class='ocrx_word' id='word_1_75' title='bbox 1239 2154 1279 2237; x_wconf 87' lang='lat' dir='ltr'>et</span> <span class='ocrx_word' id='word_1_76' title='bbox 1296 2184 1388 2241; x_wconf 70' lang='lat' dir='ltr'>cau-</span> 
     </span>
    </p>

    <p class='ocr_par' dir='ltr' id='par_1_5' title="bbox 337 2290 1389 2401">
     <span class='ocr_line' id='line_1_12' title="bbox 337 2290 1389 2401; baseline -0.001 -24"><span class='ocrx_word' id='word_1_77' title='bbox 337 2330 339 2335; x_wconf 68' lang='grc'>’</span> <span class='ocrx_word' id='word_1_78' title='bbox 400 2297 507 2377; x_wconf 89' lang='lat' dir='ltr'>tione</span> <span class='ocrx_word' id='word_1_79' title='bbox 537 2324 602 2375; x_wconf 86' lang='lat' dir='ltr'>me</span> <span class='ocrx_word' id='word_1_80' title='bbox 634 2292 732 2373; x_wconf 92' lang='lat' dir='ltr'>illud</span> <span class='ocrx_word' id='word_1_81' title='bbox 762 2290 1009 2399; x_wconf 82' lang='lat' dir='ltr'>assequutum</span> <span class='ocrx_word' id='word_1_82' title='bbox 1028 2294 1102 2378; x_wconf 83' lang='lat' dir='ltr'>esse</span> <span class='ocrx_word' id='word_1_83' title='bbox 1121 2293 1246 2401; x_wconf 89' lang='lat' dir='ltr'>sper0,</span> <span class='ocrx_word' id='word_1_84' title='bbox 1271 2314 1329 2384; x_wconf 91' lang='lat' dir='ltr'>ut,</span> <span class='ocrx_word' id='word_1_85' title='bbox 1359 2292 1389 2376; x_wconf 82' lang='lat' dir='ltr'><strong>fi</strong></span> 
     </span>
    </p>

    <p class='ocr_par' dir='ltr' id='par_1_6' title="bbox 280 2426 1432 3223">
     <span class='ocr_line' id='line_1_13' title="bbox 280 2426 1389 2538; baseline -0.015 -21"><span class='ocrx_word' id='word_1_86' title='bbox 280 2514 282 2517; x_wconf 75' lang='grc'>,</span> <span class='ocrx_word' id='word_1_87' title='bbox 400 2458 483 2511; x_wconf 92' lang='lat' dir='ltr'>non</span> <span class='ocrx_word' id='word_1_88' title='bbox 520 2456 645 2511; x_wconf 89' lang='lat' dir='ltr'>raram</span> <span class='ocrx_word' id='word_1_89' title='bbox 682 2426 919 2520; x_wconf 76' lang='lat' dir='ltr'>doctrinam,</span> <span class='ocrx_word' id='word_1_90' title='bbox 963 2427 1173 2538; x_wconf 81' lang='lat' dir='ltr'>exquisitas</span> <span class='ocrx_word' id='word_1_91' title='bbox 1210 2430 1389 2525; x_wconf 87' lang='lat' dir='ltr'>observa.</span> 
     </span>
     <span class='ocr_line' id='line_1_14' title="bbox 394 2554 1385 2659; baseline -0.01 -4"><span class='ocrx_word' id='word_1_92' title='bbox 394 2573 546 2659; x_wconf 87' lang='lat' dir='ltr'>tiones,</span> <span class='ocrx_word' id='word_1_93' title='bbox 573 2562 719 2645; x_wconf 83' lang='lat' dir='ltr'>severas</span> <span class='ocrx_word' id='word_1_94' title='bbox 749 2561 790 2640; x_wconf 92' lang='lat' dir='ltr'>in</span> <span class='ocrx_word' id='word_1_95' title='bbox 823 2563 917 2642; x_wconf 85' lang='lat' dir='ltr'>alios</span> <span class='ocrx_word' id='word_1_96' title='bbox 950 2560 1144 2643; x_wconf 68' lang='lat' dir='ltr'>stricturas</span> <span class='ocrx_word' id='word_1_97' title='bbox 1174 2554 1385 2659; x_wconf 86' lang='lat' dir='ltr'>attulerim,</span> 
     </span>
     <span class='ocr_line' id='line_1_15' title="bbox 401 2699 1432 2811; baseline -0.004 -26"><span class='ocrx_word' id='word_1_98' title='bbox 401 2728 440 2792; x_wconf 82' lang='lat' dir='ltr'>at</span> <span class='ocrx_word' id='word_1_99' title='bbox 474 2701 587 2785; x_wconf 86' lang='lat' dir='ltr'>utiles</span> <span class='ocrx_word' id='word_1_100' title='bbox 620 2718 764 2779; x_wconf 88' lang='lat' dir='ltr'>tamen</span> <span class='ocrx_word' id='word_1_101' title='bbox 786 2699 1086 2782; x_wconf 88' lang='lat' dir='ltr'>commentarios</span> <span class='ocrx_word' id='word_1_102' title='bbox 1114 2701 1156 2781; x_wconf 92' lang='lat' dir='ltr'>in</span> <span class='ocrx_word' id='word_1_103' title='bbox 1180 2701 1393 2811; x_wconf 69' lang='lat' dir='ltr'>po&#39;t&#39;ttarum</span> <span class='ocrx_word' id='word_1_104' title='bbox 1430 2790 1432 2794; x_wconf 54' lang='grc'><strong>,</strong></span> 
     </span>
     <span class='ocr_line' id='line_1_16' title="bbox 399 2815 1400 2962; baseline -0.002 -43"><span class='ocrx_word' id='word_1_105' title='bbox 399 2815 628 2950; x_wconf 82' lang='lat' dir='ltr'>principem</span> <span class='ocrx_word' id='word_1_106' title='bbox 650 2834 860 2917; x_wconf 85' lang='lat' dir='ltr'>condidisse</span> <span class='ocrx_word' id='word_1_107' title='bbox 880 2835 1003 2922; x_wconf 93' lang='lat' dir='ltr'>videri</span> <span class='ocrx_word' id='word_1_108' title='bbox 1022 2836 1199 2931; x_wconf 88' lang='lat' dir='ltr'>debeam,</span> <span class='ocrx_word' id='word_1_109' title='bbox 1229 2838 1271 2917; x_wconf 94' lang='lat' dir='ltr'>in</span> <span class='ocrx_word' id='word_1_110' title='bbox 1299 2839 1400 2962; x_wconf 36' lang='lat' dir='ltr'>qui-¹</span> 
     </span>
     <span class='ocr_line' id='line_1_17' title="bbox 400 2972 1390 3085; baseline -0.005 -28"><span class='ocrx_word' id='word_1_111' title='bbox 400 2975 474 3057; x_wconf 90' lang='lat' dir='ltr'>bus</span> <span class='ocrx_word' id='word_1_112' title='bbox 502 3002 557 3060; x_wconf 61' lang='lat' dir='ltr'>ea,</span> <span class='ocrx_word' id='word_1_113' title='bbox 572 2972 768 3084; x_wconf 90' lang='lat' dir='ltr'>propofita</span> <span class='ocrx_word' id='word_1_114' title='bbox 798 2972 885 3069; x_wconf 91' lang='lat' dir='ltr'>s1nt,</span> <span class='ocrx_word' id='word_1_115' title='bbox 922 2974 1063 3085; x_wconf 91' lang='lat' dir='ltr'>quibus</span> <span class='ocrx_word' id='word_1_116' title='bbox 1083 2972 1167 3083; x_wconf 63' lang='lat' dir='ltr'>ejub</span> <span class='ocrx_word' id='word_1_117' title='bbox 1182 2975 1300 3059; x_wconf 77' lang='lat' dir='ltr'>lectio</span> <span class='ocrx_word' id='word_1_118' title='bbox 1320 2975 1390 3056; x_wconf 74' lang='lat' dir='ltr'>ad.</span> 
     </span>
     <span class='ocr_line' id='line_1_18' title="bbox 394 3108 1389 3223; baseline -0.002 -31"><span class='ocrx_word' id='word_1_119' title='bbox 394 3110 539 3223; x_wconf 80' lang='lat' dir='ltr'>juvari,</span> <span class='ocrx_word' id='word_1_120' title='bbox 569 3111 850 3210; x_wconf 87' lang='lat' dir='ltr'>commendari,</span> <span class='ocrx_word' id='word_1_121' title='bbox 880 3129 933 3203; x_wconf 92' lang='lat' dir='ltr'>et,</span> <span class='ocrx_word' id='word_1_122' title='bbox 964 3108 992 3189; x_wconf 87' lang='lat' dir='ltr'>fi</span> <span class='ocrx_word' id='word_1_123' title='bbox 1021 3139 1099 3207; x_wconf 88' lang='lat' dir='ltr'>non</span> <span class='ocrx_word' id='word_1_124' title='bbox 1119 3112 1230 3191; x_wconf 90' lang='lat' dir='ltr'>omni</span> <span class='ocrx_word' id='word_1_125' title='bbox 1240 3109 1389 3206; x_wconf 80' lang='lat' dir='ltr'>moles-</span> 
     </span>
    </p>

    <p class='ocr_par' dir='ltr' id='par_1_7' title="bbox 285 3245 1391 3358">
     <span class='ocr_line' id='line_1_19' title="bbox 285 3245 1391 3358; baseline 0.003 -33"><span class='ocrx_word' id='word_1_126' title='bbox 285 3292 291 3301; x_wconf 90' lang='lat'>·</span> <span class='ocrx_word' id='word_1_127' title='bbox 401 3248 455 3326; x_wconf 88' lang='lat' dir='ltr'>tia</span> <span class='ocrx_word' id='word_1_128' title='bbox 471 3245 647 3339; x_wconf 90' lang='lat' dir='ltr'>liberata,</span> <span class='ocrx_word' id='word_1_129' title='bbox 677 3265 715 3327; x_wconf 89' lang='lat' dir='ltr'>at</span> <span class='ocrx_word' id='word_1_130' title='bbox 749 3274 843 3337; x_wconf 90' lang='lat' dir='ltr'>curn</span> <span class='ocrx_word' id='word_1_131' title='bbox 875 3248 1076 3356; x_wconf 85' lang='lat' dir='ltr'>voluptate</span> <span class='ocrx_word' id='word_1_132' title='bbox 1101 3267 1232 3343; x_wconf 88' lang='lat' dir='ltr'>tamen</span> <span class='ocrx_word' id='word_1_133' title='bbox 1259 3248 1391 3358; x_wconf 87' lang='lat' dir='ltr'>aliqua</span> 
     </span>
    </p>

    <p class='ocr_par' dir='ltr' id='par_1_8' title="bbox 273 3382 1394 3638">
     <span class='ocr_line' id='line_1_20' title="bbox 273 3382 1394 3500; baseline 0.005 -38"><span class='ocrx_word' id='word_1_134' title='bbox 273 3421 276 3424; x_wconf 93' lang='lat'>·</span> <span class='ocrx_word' id='word_1_135' title='bbox 320 3428 322 3431; x_wconf 55' lang='lat'>&gt;</span> <span class='ocrx_word' id='word_1_136' title='bbox 402 3382 935 3500; x_wconf 69' lang='lat' dir='ltr'>conjundla,‘videriposs1t.</span> <span class='ocrx_word' id='word_1_137' title='bbox 995 3388 1131 3498; x_wconf 81' lang='lat' dir='ltr'>Itaque</span> <span class='ocrx_word' id='word_1_138' title='bbox 1150 3414 1221 3467; x_wconf 91' lang='lat' dir='ltr'>nec</span> <span class='ocrx_word' id='word_1_139' title='bbox 1238 3387 1394 3472; x_wconf 69' lang='lat' dir='ltr'>doctri·</span> 
     </span>
     <span class='ocr_line' id='line_1_21' title="bbox 352 3500 1389 3638; baseline 0.014 -37"><span class='ocrx_word' id='word_1_140' title='bbox 352 3627 355 3629; x_wconf 4' lang='grc' dir='ltr'><strong>Ἴ</strong></span> <span class='ocrx_word' id='word_1_141' title='bbox 403 3548 500 3602; x_wconf 90' lang='lat' dir='ltr'>nam</span> <span class='ocrx_word' id='word_1_142' title='bbox 519 3500 654 3631; x_wconf 66' lang='lat' dir='ltr'>poetae,</span> <span class='ocrx_word' id='word_1_143' title='bbox 675 3505 858 3617; x_wconf 73' lang='lat' dir='ltr'>illustrare</span> <span class='ocrx_word' id='word_1_144' title='bbox 891 3509 1075 3636; x_wconf 83' lang='lat' dir='ltr'>neglexi,</span> <span class='ocrx_word' id='word_1_145' title='bbox 1093 3547 1146 3619; x_wconf 86' lang='lat' dir='ltr'>ot,</span> <span class='ocrx_word' id='word_1_146' title='bbox 1175 3526 1203 3607; x_wconf 91' lang='lat' dir='ltr'>s1</span> <span class='ocrx_word' id='word_1_147' title='bbox 1232 3556 1312 3638; x_wconf 88' lang='lat' dir='ltr'>qua</span> <span class='ocrx_word' id='word_1_148' title='bbox 1341 3528 1389 3614; x_wconf 86' lang='lat' dir='ltr'>ab</span> 
     </span>
    </p>

    <p class='ocr_par' dir='ltr' id='par_1_9' title="bbox 290 3656 1399 4178">
     <span class='ocr_line' id='line_1_22' title="bbox 290 3656 1390 3773; baseline 0.011 -35"><span class='ocrx_word' id='word_1_149' title='bbox 290 3656 304 3664; x_wconf 63' lang='grc'><strong>”</strong></span> <span class='ocrx_word' id='word_1_150' title='bbox 393 3688 451 3739; x_wconf 44' lang='lat' dir='ltr'>weo</span> <span class='ocrx_word' id='word_1_151' title='bbox 468 3659 636 3755; x_wconf 79' lang='lat' dir='ltr'>erudite,</span> <span class='ocrx_word' id='word_1_152' title='bbox 651 3658 728 3756; x_wconf 87' lang='lat' dir='ltr'>hoc</span> <span class='ocrx_word' id='word_1_153' title='bbox 747 3662 815 3758; x_wconf 86' lang='lat' dir='ltr'>est,</span> <span class='ocrx_word' id='word_1_154' title='bbox 838 3664 915 3747; x_wconf 82' lang='lat' dir='ltr'>slve</span> <span class='ocrx_word' id='word_1_155' title='bbox 934 3695 984 3771; x_wconf 76' lang='lat' dir='ltr'>ex</span> <span class='ocrx_word' id='word_1_156' title='bbox 1002 3665 1144 3773; x_wconf 85' lang='lat' dir='ltr'>sabulis</span> <span class='ocrx_word' id='word_1_157' title='bbox 1163 3690 1202 3755; x_wconf 87' lang='lat' dir='ltr'>et</span> <span class='ocrx_word' id='word_1_158' title='bbox 1221 3668 1390 3755; x_wconf 87' lang='lat' dir='ltr'>historiis</span> 
     </span>
     <span class='ocr_line' id='line_1_23' title="bbox 401 3795 1389 3915; baseline 0.018 -42"><span class='ocrx_word' id='word_1_159' title='bbox 401 3795 569 3876; x_wconf 78' lang='lat' dir='ltr'>arcessita</span> <span class='ocrx_word' id='word_1_160' title='bbox 588 3796 664 3880; x_wconf 87' lang='lat' dir='ltr'>slve</span> <span class='ocrx_word' id='word_1_161' title='bbox 695 3823 745 3881; x_wconf 88' lang='lat' dir='ltr'>ex</span> <span class='ocrx_word' id='word_1_162' title='bbox 774 3802 1015 3908; x_wconf 81' lang='lat' dir='ltr'>Graecorum</span> <span class='ocrx_word' id='word_1_163' title='bbox 1031 3816 1237 3915; x_wconf 65' lang='lat' dir='ltr'>poetarum</span> <span class='ocrx_word' id='word_1_164' title='bbox 1256 3806 1389 3907; x_wconf 55' lang='lat' dir='ltr'>imitate</span> 
     </span>
     <span class='ocr_line' id='line_1_24' title="bbox 403 3933 1399 4056; baseline 0.015 -44"><span class='ocrx_word' id='word_1_165' title='bbox 403 3933 510 4013; x_wconf 85' lang='lat' dir='ltr'>tione</span> <span class='ocrx_word' id='word_1_166' title='bbox 530 3936 652 4043; x_wconf 76' lang='lat' dir='ltr'>posita</span> <span class='ocrx_word' id='word_1_167' title='bbox 669 3940 800 4035; x_wconf 85' lang='lat' dir='ltr'>essent,</span> <span class='ocrx_word' id='word_1_168' title='bbox 827 3945 1011 4051; x_wconf 15' lang='lat' dir='ltr'>illa-loca,</span> <span class='ocrx_word' id='word_1_169' title='bbox 1033 3944 1061 4025; x_wconf 87' lang='lat' dir='ltr'>sr</span> <span class='ocrx_word' id='word_1_170' title='bbox 1078 3946 1296 4056; x_wconf 80' lang='lat' dir='ltr'>supersunt,</span> <span class='ocrx_word' id='word_1_171' title='bbox 1317 3938 1399 4031; x_wconf 60' lang='lat' dir='ltr'>ex-⁸</span> 
     </span>
     <span class='ocr_line' id='line_1_25' title="bbox 404 4074 1389 4178; baseline 0.016 -25"><span class='ocrx_word' id='word_1_172' title='bbox 404 4074 535 4168; x_wconf 85' lang='lat' dir='ltr'>citavi,</span> <span class='ocrx_word' id='word_1_173' title='bbox 563 4078 635 4156; x_wconf 89' lang='lat' dir='ltr'>nec</span> <span class='ocrx_word' id='word_1_174' title='bbox 663 4098 809 4178; x_wconf 87' lang='lat' dir='ltr'>tamen,</span> <span class='ocrx_word' id='word_1_175' title='bbox 829 4084 908 4172; x_wconf 81' lang='lat' dir='ltr'>¹etfi</span> <span class='ocrx_word' id='word_1_176' title='bbox 925 4084 1000 4170; x_wconf 93' lang='lat' dir='ltr'>hoc</span> <span class='ocrx_word' id='word_1_177' title='bbox 1018 4115 1124 4177; x_wconf 89' lang='lat' dir='ltr'>nunc</span> <span class='ocrx_word' id='word_1_178' title='bbox 1142 4084 1296 4173; x_wconf 69' lang='lat' dir='ltr'>sactum</span> <span class='ocrx_word' id='word_1_179' title='bbox 1314 4082 1389 4168; x_wconf 78' lang='lat' dir='ltr'>esse</span> 
     </span>
    </p>

    <p class='ocr_par' dir='ltr' id='par_1_10' title="bbox 333 4205 1475 4469">
     <span class='ocr_line' id='line_1_26' title="bbox 333 4205 1393 4330; baseline 0.014 -41"><span class='ocrx_word' id='word_1_180' title='bbox 333 4245 343 4264; x_wconf 91' lang='lat'><strong>·</strong></span> <span class='ocrx_word' id='word_1_181' title='bbox 405 4205 589 4309; x_wconf 87' lang='lat' dir='ltr'>mallem,</span> <span class='ocrx_word' id='word_1_182' title='bbox 612 4217 806 4330; x_wconf 81' lang='lat' dir='ltr'>adscripsi,</span> <span class='ocrx_word' id='word_1_183' title='bbox 821 4243 899 4309; x_wconf 59' lang='lat' dir='ltr'>*ne</span> <span class='ocrx_word' id='word_1_184' title='bbox 930 4227 1055 4310; x_wconf 85' lang='lat' dir='ltr'>moles</span> <span class='ocrx_word' id='word_1_185' title='bbox 1090 4221 1393 4313; x_wconf 65' lang='lat' dir='ltr'>commentario,</span> 
     </span>
     <span class='ocr_line' id='line_1_27' title="bbox 403 4350 1475 4469; baseline 0.021 -46"><span class='ocrx_word' id='word_1_186' title='bbox 403 4371 494 4425; x_wconf 79' lang='lat' dir='ltr'>rum</span> <span class='ocrx_word' id='word_1_187' title='bbox 520 4350 687 4433; x_wconf 88' lang='lat' dir='ltr'>modum</span> <span class='ocrx_word' id='word_1_188' title='bbox 719 4358 934 4442; x_wconf 88' lang='lat' dir='ltr'>excederet.</span> <span class='ocrx_word' id='word_1_189' title='bbox 995 4369 1088 4469; x_wconf 81' lang='lat' dir='ltr'>Qo</span> <span class='ocrx_word' id='word_1_190' title='bbox 1116 4365 1255 4446; x_wconf 88' lang='lat' dir='ltr'>eodem</span> <span class='ocrx_word' id='word_1_191' title='bbox 1283 4382 1393 4446; x_wconf 89' lang='lat' dir='ltr'>metu</span> <span class='ocrx_word' id='word_1_192' title='bbox 1474 4393 1475 4404; x_wconf 52' lang='lat'>¹</span> 
     </span>
    </p>
   </div>
   <div class='ocr_carea' id='block_1_3' title="bbox 404 4487 1395 4715">
    <p class='ocr_par' dir='ltr' id='par_1_11' title="bbox 404 4487 1395 4715">
     <span class='ocr_line' id='line_1_28' title="bbox 404 4487 1393 4611; baseline 0.023 -54"><span class='ocrx_word' id='word_1_193' title='bbox 404 4504 477 4559; x_wconf 89' lang='lat' dir='ltr'>nec</span> <span class='ocrx_word' id='word_1_194' title='bbox 493 4487 675 4599; x_wconf 85' lang='lat' dir='ltr'>exempla</span> <span class='ocrx_word' id='word_1_195' title='bbox 691 4518 915 4604; x_wconf 83' lang='lat' dir='ltr'>coacervare</span> <span class='ocrx_word' id='word_1_196' title='bbox 932 4498 975 4588; x_wconf 83' lang='lat' dir='ltr'>in</span> <span class='ocrx_word' id='word_1_197' title='bbox 997 4493 1170 4587; x_wconf 73' lang='lat' dir='ltr'>dictione</span> <span class='ocrx_word' id='word_1_198' title='bbox 1189 4498 1393 4611; x_wconf 82' lang='lat' dir='ltr'>explican-</span> 
     </span>
     <span class='ocr_line' id='line_1_29' title="bbox 1345 4631 1395 4715; baseline 0.04 -2"><span class='ocrx_word' id='word_1_199' title='bbox 1345 4631 1395 4715; x_wconf 87' lang='lat' dir='ltr'>da</span> 
     </span>
    </p>
   </div>
   <div class='ocr_carea' id='block_1_4' title="bbox 0 0 1796 5509">
    <p class='ocr_par' dir='ltr' id='par_1_12' title="bbox 0 0 1796 5509">
     <span class='ocr_line' id='line_1_30' title="bbox 0 0 1796 5509; baseline 0 0"><span class='ocrx_word' id='word_1_200' title='bbox 0 0 1796 5509; x_wconf 95' lang='lat' dir='ltr'> </span> 
     </span>
    </p>
   </div>
  </div>
 </body>
</html>
