3575 5509
450 699 498 773 ῃ
534 669 645 750 ou
679 666 955 743 cnnnmu
987 663 1302 744 Boeotico.

447 877 528 952 Ecl.
563 874 628 961 Vl,
660 898 696 962 4.
771 859 854 940 sed'
888 867 957 943 ad.
977 865 1175 938 eundemne
1202 865 1359 941 'versum'
1385 888 1433 966 ςς
1482 949 1484 954 ,

324 1065 329 1076 .
447 1003 529 1075 Ecl.
557 998 648 1072 VIII
689 993 842 1098 referas?
877 992 980 1092 Qid
1018 992 1092 1079 IX,¹
1122 990 1196 1089 23?
1242 993 1435 1093 Plerosque

446 1145 567 1201 tamen
606 1128 843 1222 interpretum
880 1126 1014 1199 multos
1051 1126 1089 1198 in
1125 1150 1168 1199 eo
1198 1124 1265 1199 effe
1298 1126 1434 1212 videas.
1506 1116 1520 1124 ‘¹

337 1271 341 1283 ’
377 1306 382 1313 -
446 1252 533 1325 Non
555 1251 715 1347 quidem,
739 1274 813 1350 quo
830 1250 865 1323 se
881 1268 1055 1338 tueantur,
1072 1251 1204 1325 habere
1219 1278 1325 1351 nego.
1362 1253 1434 1327 Fe-

369 1389 373 1401 “
447 1376 498 1448 cit
518 1376 617 1449 idem
633 1378 702 1450 hoe
724 1377 930 1475 antiquitas,
982 1378 1052 1450 Sed
1069 1378 1218 1451 omnino
1243 1379 1348 1477 hujus
1363 1401 1432 1478 ge.
1537 1405 1539 1409 ·

446 1499 540 1569 neris
558 1500 806 1574 bucolicorum
822 1502 1024 1575 carminum
1045 1503 1137 1574 ratio
1156 1520 1192 1575 et
1211 1521 1336 1577 natura
1350 1526 1433 1576 me-

447 1626 516 1698 lius
534 1621 689 1721 intelligi
705 1624 847 1725 poterit,
864 1625 890 1696 fi
919 1650 960 1698 ea
976 1626 1194 1714 memineris,
1210 1649 1294 1724 quae
1306 1627 1430 1724 paullo

448 1765 529 1820 ante
545 1746 590 1818 de
605 1770 734 1843 genere
749 1746 1029 1844 disputabamus,
1044 1739 1198 1845 quotes
1218 1772 1239 1821 e
1261 1746 1433 1845 praesenti

447 1870 523 1940 vita
539 1864 705 1954 ascelina,
730 1867 877 1966 majoris
899 1867 1080 1941 suavitatis
1105 1867 1230 1956 caulsa,
1245 1868 1429 1965 pastoritia

448 1988 569 2065 fabula
584 2007 619 2062 et
644 1993 863 2065 ornamentis
890 2016 934 2063 ex
955 2016 996 2064 ea
1011 1994 1086 2065 uita
1101 1991 1223 2092 petitis
1238 2012 1429 2063 commen*

448 2116 565 2188 datur.
616 2113 726 2213 Qod
747 2116 935 2187 confilium
950 2115 1042 2188 reste
1057 2115 1085 2188 fi
1102 2133 1231 2203 teneas,
1255 2136 1326 2185 non
1348 2110 1429 2212 erit,

448 2237 548 2337 quod
566 2235 602 2310 in
618 2234 764 2335 singulis
780 2235 932 2313 sollicite
947 2256 982 2313 et
997 2239 1102 2328 anxie
1116 2237 1265 2327 labotes.
1368 2267 1371 2274 ·
