3575 5509
668 702 1148 780 ARGUMENTA.
1192 815 1196 825 Ι
1247 728 1399 804 ⁸cerer

832 925 986 977 oretur.

418 1026 590 1101 Panditur
601 1027 732 1100 interea
747 1026 878 1099 caelum
894 1026 1077 1121 coetusque
1094 1028 1254 1103 deorum.
1347 1054 1371 1117 4
1374 1048 1392 1123 ς

413 1152 498 1245 Jam
515 1151 608 1222 redit
619 1149 761 1235 AEneas‚
785 1165 820 1219 et
837 1146 950 1219 Pallas
967 1150 1119 1219 caeditur
1134 1174 1225 1223 acer.

414 1275 560 1370 Eripuit
575 1276 672 1366 Juno
683 1274 860 1361 Turnum,
887 1273 1062 1369 Lausrque
1077 1295 1262 1368 parentem

413 1396 563 1494 Adjecit
578 1397 749 1469 comitem
767 1398 892 1470 mortis
912 1397 1099 1493 Cythereia
1115 1399 1242 1500 proles.

794 1540 1007 1607 uuorerurr

414 1639 559 1712 Oceano
574 1640 705 1713 interea
714 1638 857 1737 surgens
873 1641 1013 1714 Aurora
1026 1642 1171 1716 videbat

413 1763 574 1843 Mezenti
588 1763 689 1837 ducis
707 1766 850 1838 exuvias
866 1764 1042 1861 caesosque
1059 1755 1202 1855 sodales,
1344 1793 1391 1870 50

410 1885 461 1957 Et
478 1885 622 1959 Latium
638 1908 802 1983 proceres
818 1886 1005 1959 Diomedis
1022 1889 1117 1960 dista
1131 1890 1273 1977 referre,

408 2007 510 2080 Tum
525 2009 639 2105 qualis
656 2030 788 2104 pugnae
800 2006 962 2081 succedat
978 2008 1125 2092 Etrusca
1142 2011 1306 2088 Camilla.

791 2151 1024 2202 nuooecrm.

410 2255 554 2327 Turnus
569 2251 789 2340 utinsrastos
802 2249 939 2323 vidisset
956 2254 1019 2347 (et)
1037 2254 1195 2352 undique
1209 2260 1332 2349 caesos,

411 2376 518 2448 Ultro
534 2373 768 2447 Anchisraden
782 2373 876 2445 bello
889 2397 954 2471 per
970 2373 1103 2449 foedera
1114 2380 1228 2473 poscit
1237 2418 1248 2465 ς

408 2499 503 2598 Quae
514 2499 663 2589 Juturna
672 2512 772 2591 parat
781 2496 978 2570 convellere
985 2534 995 2581 ;
1015 2497 1073 2570 sed
1083 2517 1201 2574 tamen
1212 2508 1320 2579 armis
1338 2526 1384 2604 55

407 2622 568 2719 Occidit,
593 2640 627 2695 et
642 2621 788 2733 pastum
803 2621 911 2726 liquit
924 2646 1008 2695 cum
1024 2622 1178 2728 conjuge
1193 2653 1358 2727 regnum,

853 2854 945 2940 XV.

404 2995 524 3068 Incerti
547 2967 660 3080 Paua,
685 2995 778 3090 apud
810 2995 996 3066 nonnullos
1025 2994 1169 3083 Ovidii,
1189 2999 1385 3095 Tetrasticha

644 3124 678 3190 in
693 3120 853 3217 Georgica.
881 3123 960 3203 ibid,
980 3122 1045 3215 Ep.
1070 3126 1148 3219 189.

783 3294 1000 3344 PRAEFATIO.

402 3399 529 3497 Qalis
546 3397 733 3483 BucoliciS,
757 3413 908 3492 quantus
926 3394 1050 3468 tellure
1067 3393 1259 3480 domanda,

404 3521 558 3607 Viribus,
574 3516 838 3613 arboribusque,
855 3517 996 3613 apibus,
1012 3518 1216 3611 pecorique,
1232 3515 1382 3612 satisque

404 3642 605 3719 AEneadum
622 3641 727 3712 suerit
744 3618 851 3726 vates,
878 3640 1101 3712 Tetrasticha
1115 3641 1247 3713 dicent.

400 3766 589 3840 Contineat
604 3788 684 3859 quae
700 3761 846 3859 quisque
859 3753 957 3847 liber,
982 3762 1060 3860 lege
1077 3762 1235 3840 carmina
1251 3763 1379 3841 nostra.
1506 3761 1509 3765 ⁴

828 3905 956 3955 eninr.

397 4014 500 4113 Qid
517 4012 620 4085 saciat
634 4011 731 4081 laetas
748 4007 899 4103 segetes:
926 4028 1006 4099 quae
1023 4005 1133 4083 fidere
1147 4007 1258 4079 servet
1357 4028 1376 4110 5

400 4136 582 4232 Agricola,
608 4151 646 4204 ut
660 4130 800 4202 facilem
813 4147 944 4200 terram
956 4127 1158 4224 proscindat
1172 4132 1307 4226 aratris,

435 4348 483 4408 47.
502 4327 525 4385 f.
539 4329 663 4407 laustrque
667 4344 798 4404 parentem
808 4328 843 4386 A.
953 4325 1059 4457 XV?
1075 4325 1143 4383 Vid.
1156 4326 1248 4383 Burm.
1254 4324 1308 4382 Ge.
1317 4323 1343 4390 Ι,
1350 4345 1380 4402 p.

438 4427 483 4484 53.
504 4406 576 4462 Bene
596 4407 762 4463 Burmannus
778 4422 806 4464 ut
822 4416 863 4465 in·
917 4422 980 4480 170.
1042 4402 1155 4459 xtabant
1167 4402 1251 4459 iidem
1265 4401 1294 4458 in
1305 4402 1380 4458 Cod.

386 4490 488 4571 fratirs
499 4484 568 4546 vidit
579 4484 660 4573 caefflffe
671 4484 783 4548 Latinos.
907 4479 997 4540 Rom.
1006 4499 1050 4558 ap.
1061 4479 1177 4551 Bottar„
1193 4478 1238 4544 sed
1248 4476 1383 4554 corrupti,

1239 4622 1383 4705 Semina
