3575 5509
581 702 984 821 ‹raoaercom
1024 700 1127 775 Lm
1163 704 1216 783 11.
1315 731 1388 811 377

409 892 520 995 ¹Dives
537 916 651 988 opum
666 891 845 965 variarum
859 926 870 975 ;
893 910 929 970 at
945 889 1024 965 laris
1040 893 1114 963 oria
1130 886 1261 976 fundis,

410 1031 609 1127 Speluncae,
625 1029 771 1123 vivique
787 1029 884 1108 lacus
900 1063 911 1112 ;
932 1045 967 1100 at
985 1028 1118 1125 frigida
1135 1028 1287 1125 Tempe,

318 1210 321 1218 ·
410 1168 646 1266 Mugitusque
655 1167 779 1253 boum,
788 1162 983 1261 mollesque
992 1161 1056 1235 sub
1065 1164 1189 1236 arbore
1198 1164 1393 1262 somni47a

408 1304 495 1377 Non
511 1303 635 1386 absunt
649 1336 659 1389 ς
685 1302 760 1382 illic
778 1300 884 1373 saltus
901 1322 943 1373 ac
960 1299 1067 1381 lustra
1084 1300 1248 1389 ferarum,

409 1440 459 1513 Et
470 1440 605 1536 patiens
622 1405 785 1533 operum,
800 1436 1003 1542 exiguoque
1019 1433 1347 1534 adsueta,juventus
1362 1474 1374 1523 ς

408 1576 513 1654 Sacra
529 1576 648 1663 deum,
666 1575 844 1672 sanstique
860 1592 975 1674 patres
989 1609 1000 1659 ς
1020 1593 1177 1660 extrema
1191 1599 1258 1674 per
1273 1577 1354 1650 illos

439 1811 495 1876 468.
510 1837 535 1867 ac
545 1818 571 1866 in
587 1817 655 1866 libris
672 1832 713 1882 ap.
726 1816 790 1865 Pier.
805 1816 867 1864 etin
879 1817 942 1879 Reg.
956 1814 1056 1862 Martia.
1086 1816 1139 1862 laris
1157 1814 1183 1863 in
1200 1812 1257 1864 edd.
1274 1813 1388 1863 Macrob.

407 1895 457 1942 Sat.
467 1896 512 1954 VI,
528 1909 551 1952 2,
572 1894 638 1959 quod
656 1893 757 1941 Heinfio
776 1892 873 1940 arridet.
907 1895 944 1939 At
963 1890 1029 1939 enim
1045 1893 1100 1937 laetos
1118 1882 1212 1954 campos,¹
1224 1910 1301 1954 ..μνη
1309 1893 1390 1955 surdos
1406 1924 1408 1929 ,

351 1961 354 1966 ’
407 1980 490 2017 autem
508 1972 561 2017 latos
577 1964 713 2033 probandos
732 1980 801 2031 puto,
816 1966 891 2018 etiarn
910 1964 957 2013 hoc
972 1964 1049 2023 sensu,
1063 1974 1091 2013 ut
1101 1964 1147 2016 {int
1157 1975 1273 2028 patenter
1306 1967 1392 2026 alaris,

407 2043 456 2091 duo
467 2060 506 2108 ap.
517 2044 601 2091 Burm.
631 2044 688 2088 ledis
700 2041 788 2089 Gud.a
800 2055 834 2087 m.
846 2037 1008 2103 pr.-469.
1018 2058 1042 2086 ac
1050 2050 1099 2088 tter
1109 2054 1147 2104 ap.
1158 2040 1252 2097 Burm.,
1266 2038 1315 2086 duo
1325 2038 1390 2102 apud
1440 2057 1443 2062 ¹

407 2118 513 2166 Martin.
524 2128 549 2165 et
560 2128 660 2180 uterque
672 2116 748 2163 Goth.
781 2125 801 2161 et
812 2114 905 2162 Medic.
913 2123 938 2161 et
954 2113 1050 2162 Comm.
1063 2113 1154 2177 Cruqu.
1164 2114 1196 2162 ad
1207 2114 1294 2161 Horat.
1308 2113 1357 2161 od.
1369 2113 1390 2171 Ι,

407 2204 571 2250 21.--471.
587 2194 615 2237 ln
626 2190 731 2253 antiquis
741 2188 798 2238 edd.
810 2192 878 2237 illici
890 2191 934 2236 illis
944 2186 1043 2252 legitur,
1056 2197 1081 2235 et
1092 2189 1144 2238 Non
1153 2188 1224 2252 absint.
1256 2189 1300 2234 illis
1314 2186 1390 2238 etiam

407 2265 547 2330 cantabrig.
570 2267 627 2313 illinc
639 2266 702 2312 Ven.
718 2283 752 2311 nec
760 2274 784 2312 et
792 2264 881 2329 etlrfira
891 2261 1131 2322 nonnulli-*4720
1141 2264 1174 2310 At
1182 2262 1253 2310 Leid.
1262 2272 1287 2310 et
1298 2264 1389 2315 Donat.

406 2344 438 2395 ad
452 2342 555 2391 Terent.
578 2340 656 2389 Andr.
675 2342 695 2400 1,
716 2356 738 2399 1,
756 2339 797 2399 48,
811 2340 854 2389 ubi
870 2351 896 2390 et
909 2350 1027 2404 pat-voque,
1045 2340 1110 2403 quod
1128 2338 1218 2387 habent
1236 2337 1288 2386 iere
1305 2354 1391 2388 omnes

405 2417 487 2483 scripti
507 2429 532 2467 et
550 2417 608 2467 editi
626 2416 712 2469 eodem
729 2416 803 2465 sensu.
836 2418 871 2464 At
882 2420 992 2481 exiguoque
1002 2415 1093 2479 recepit
1104 2414 1224 2464 Heinfiua.
1256 2414 1352 2466 Habent
1362 2414 1390 2468 id

406 2497 540 2555 Romanus,
565 2493 696 2558 Medicam,
713 2494 830 2555 Venetus,
848 2493 887 2544 ed.
905 2495 1005 2549 vemet
1023 2492 1077 2543 edd.
1095 2492 1217 2542 Macrobii
1234 2494 1279 2553 VI,
1300 2508 1323 2546 2.
1337 2494 1388 2548 vid.

408 2574 493 2638 aura,

405 2798 456 2847 res,
475 2777 550 2857 quod
572 2778 607 2837 ad
632 2777 708 2836 iliam
732 2765 871 2837 notiimem
923 2776 1012 2855 poetis
1024 2776 1166 2853 Rhabaine,
1183 2777 1327 2836 etfimilia.
1347 2780 1390 2838 Ia,

406 2858 498 2914 ducat.
539 2855 614 2913 Nam
639 2854 753 2913 Horatii
779 2854 793 2911 1
817 2855 871 2933 Ep.
922 2866 957 2913 tis
979 2865 1034 2912 otia
1043 2858 1158 2933 fundis:
1186 2874 1242 2912 non
1266 2856 1302 2913 de
1326 2856 1389 2913 lati-

408 2939 454 3002 18,
472 2954 482 2990 1
489 2954 504 3008 3
507 2933 628 3009 fallentis
630 2936 722 3010 samita
730 2942 797 3000 vitae
807 2933 871 2990 alie·
923 2933 1027 2989 fundiis
1049 2930 1224 3009 cogitandum
1231 2956 1239 3001 ;
1261 2932 1304 2989 sed
1328 2932 1390 2991 sunt

405 3029 471 3067 num
493 3012 546 3080 est;
568 3011 608 3069 ibi
634 3011 669 3067 est
682 3028 692 3084 :¹
710 3030 771 3087 quae
795 3010 872 3080 latet,
923 3029 982 3067 cam
1003 3009 1013 3066 i
1036 3023 1064 3067 et
1085 3010 1168 3066 colles
1192 3009 1290 3084 aperti,
1317 3011 1390 3068 unde

403 3085 517 3150 obscura
538 3087 584 3146 est.
604 3085 637 3143 In
662 3087 735 3145 hunc
767 3085 871 3146 sensum
922 3087 1074 3164 properius
1103 3099 1177 3164 patet
1216 3084 1291 3143 late:
1328 3107 1389 3164 quae
1440 3092 1442 3096 ’

402 3166 553 3241 εκρεᾶεῐεε
578 3163 606 3223 h.
639 3164 658 3221 l.
695 3163 792 3232 vitam,
811 3184 872 3241 quae
922 3182 964 3221 res
996 3162 1047 3220 ad·
1060 3163 1181 3220 animum
1211 3176 1240 3219 et
1271 3162 1390 3222 frontem

422 3240 485 3299 otest
507 3242 609 3310 fallere,
640 3240 670 3304 h.
705 3262 765 3320 quae
787 3241 871 3311 fallit,
922 3240 1112 3318 explicandam
1126 3258 1251 3318 magnam
1264 3239 1321 3297 vim
1340 3241 1389 3298 ha.

403 3259 478 3374 iatet.
537 3319 604 3393 468,
628 3336 696 3398 opum
720 3328 871 3385 variarum,
922 3316 967 3375 bet
996 3318 1157 3395 (Mejerotto
1182 3336 1210 3393 p.
1236 3322 1280 3395 9).
1320 3321 1390 3397 469.

404 3390 621 3469 Reprehenditur
657 3395 796 3475 epitheton
836 3395 871 3455 ab
921 3402 987 3454 vivi
998 3396 1079 3465 lacus,
1097 3414 1166 3472 aqua
1177 3394 1298 3471 perenni.
1329 3402 1390 3473 fri·

403 3468 449 3539 Ill.
464 3470 571 3530 Homio
583 3472 621 3529 T.
634 3470 690 3539 111,
704 3493 730 3531 c.
745 3474 871 3533 erlem.
917 3477 982 3551 gida
1006 3473 1108 3549 Tempe,
1138 3471 1269 3529 umbrosae
1298 3476 1389 3534 valles.

404 3547 508 3615 Critic„
527 3563 662 3625 tamquam
680 3549 760 3610 nimis
779 3551 870 3611 laxum
921 3572 988 3629 470.
1012 3549 1093 3607 molles
1103 3554 1197 3625 somni,
1216 3549 1298 3615 lenes,
1316 3565 1389 3609 tran·

402 3624 524 3701 adeoque
568 3643 712 3695 enervum3
752 3627 871 3688 debuiffe
921 3626 1002 3703 quilli
1015 3642 1043 3684 et
1055 3626 1158 3684 dulces.
1178 3624 1240 3685 Ecl.
1258 3625 1329 3695 VII,
1340 3649 1389 3718 45.

402 3700 475 3770 ‚enim
497 3718 562 3777 opes
583 3701 720 3780 sigillatim
741 3706 870 3773 enarrari,
921 3724 989 3783 471.
1014 3702 1101 3763 Saltus
1111 3700 1219 3780 proprie
1231 3704 1267 3762 de
1274 3705 1390 3783 pascuis.

401 3792 448 3834 aut
473 3798 556 3835 unum
580 3797 662 3855 opum
686 3798 768 3856 genus
792 3781 870 3865 poni,
920 3779 1000 3859 lustra
1021 3789 1155 3860 ferarum,
1192 3779 1276 3853 srlvae,
1308 3802 1389 3841 vena·
1454 3846 1456 3853 ,

402 3874 457 3910 non
471 3869 558 3912 autem
586 3856 717 3913 incertam
730 3869 758 3912 et
775 3856 869 3915 flustu.
920 3858 1026 3915 tionem
1052 3858 1203 3936 designant.
1241 3878 1309 3937 47²·
1335 3877 1390 3939 ope·

396 3944 491 3989 'antem
506 3931 644 3989 notionem
657 3931 774 4001 admitti.
814 3934 869 3992 Ar·
920 3960 988 4004 rum,
1008 3935 1058 3995 int.
1083 3956 1151 4014 opus
1176 3936 1303 3995 rusticum
1310 3962 1319 4008 ς
1349 3938 1392 3995 la:

400 4022 467 4085 guta
491 4008 548 4065 haec
576 4008 648 4079 sunt,
667 4030 723 4067 non
753 4028 864 4089 negem
920 4010 1029 4068 boriosa
1055 4014 1192 4090 juventus,
1228 4012 1290 4072 vitae
1328 4033 1390 4091 pan

399 4083 521 4163 argutius
546 4098 648 4156 tamen,
675 4086 778 4157 videre,
802 4088 869 4166 poni
920 4089 1028 4147 melior.
1064 4100 1153 4170 exiguo
1164 4095 1271 4170 affiaeta,
1283 4104 1315 4149 ut
1323 4107 1390 4167 par·

398 4164 509 4295 assoita
519 4162 610 4239 primo
621 4164 683 4222 loco
694 4184 789 4244 genua,
809 4179 868 4223 tum
919 4188 964 4224 vo.
1005 4166 1233 4238 Tibull.1,1,2
1267 4182 1390 4226 contentus

393 4229 428 4313 isa
445 4238 497 4315 jici
529 4260 592 4317 opes
617 4241 747 4319 singulas:
762 4241 868 4311 otium,
919 4250 1013 4302 vivere
1025 4261 1118 4321 parvo.
1157 4264 1224 4321 43.
1278 4246 1391 4319 ‘esacra

398 4315 485 4389 antra,
505 4330 557 4374 etc.
598 4316 707 4376 Fcfellit
716 4319 789 4377 viros
800 4319 869 4378 doc·
920 4324 1013 4394 deum
1034 4320 1093 4379 scil.
1123 4265 1211 4378 sarria
1225 4320 1286 4376 sunt
1302 4334 1331 4378 et
1344 4321 1392 4377 ha-

397 4405 452 4461 ras,
472 4392 547 4470 quod
560 4414 615 4452 non
632 4394 768 4456 viderunt.
788 4398 826 4454 At
838 4398 867 4454 h.
919 4398 1028 4466 bentur,
1047 4413 1077 4454 ut
1101 4397 1225 4455 Servius:
1246 4397 1299 4453 hoc
1321 4398 1391 4463 vult,

398 4469 418 4538 l.
443 4470 493 4533 esse
517 4490 567 4547 pro
592 4472 706 4529 formula
732 4472 868 4531 sententia
918 4473 994 4532 sacra
1015 4475 1058 4532 ibi
1076 4474 1144 4532 caste
1162 4471 1217 4530 coli
1224 4494 1233 4540 3
1254 4471 1314 4530 illic
1334 4474 1391 4551 pie-

397 4547 599 4631 fonririuandm
630 4566 660 4611 ut
692 4550 723 4608 in
761 4550 868 4618 Gracia
919 4565 1002 4627 ratem
1022 4566 1050 4609 et
1071 4563 1171 4612 metum
1193 4549 1390 4702 deorumseffe,

588 4631 592 4636 ’
1321 4634 1393 4689 aad}
