<?xml version="1.0" encoding="UTF-8"?>
<!DOCTYPE html PUBLIC "-//W3C//DTD XHTML 1.0 Transitional//EN"
    "http://www.w3.org/TR/xhtml1/DTD/xhtml1-transitional.dtd">
<html xmlns="http://www.w3.org/1999/xhtml" xml:lang="en" lang="en">
 <head>
  <title>
</title>
<meta http-equiv="Content-Type" content="text/html;charset=utf-8" />
  <meta name='ocr-system' content='tesseract 3.04.00' />
  <meta name='ocr-capabilities' content='ocr_page ocr_carea ocr_par ocr_line ocrx_word'/>
</head>
<body>
  <div class='ocr_page' id='page_1' title='image "./operavarietatel00virggoog/operavarietatel00virggoog_0212.png"; bbox 0 0 3575 5509; ppageno 0'>
   <div class='ocr_carea' id='block_1_1' title="bbox 394 608 1227 747">
    <p class='ocr_par' dir='ltr' id='par_1_1' title="bbox 394 608 1227 747">
     <span class='ocr_line' id='line_1_1' title="bbox 394 608 1227 747; baseline -0.006 -11"><span class='ocrx_word' id='word_1_1' title='bbox 394 686 482 738; x_wconf 73' lang='lat' dir='ltr'>‚cc-11</span> <span class='ocrx_word' id='word_1_2' title='bbox 533 651 573 738; x_wconf 82' lang='lat' dir='ltr'>r.</span> <span class='ocrx_word' id='word_1_3' title='bbox 599 657 816 737; x_wconf 77' lang='lat' dir='ltr'>vinoun</span> <span class='ocrx_word' id='word_1_4' title='bbox 843 608 1078 733; x_wconf 74' lang='lat' dir='ltr'>Minonis</span> <span class='ocrx_word' id='word_1_5' title='bbox 1103 657 1227 747; x_wconf 69' lang='lat' dir='ltr'>vrri</span> 
     </span>
    </p>
   </div>
   <div class='ocr_carea' id='block_1_2' title="bbox 363 858 1453 4427">
    <p class='ocr_par' dir='ltr' id='par_1_2' title="bbox 394 858 1453 3865">
     <span class='ocr_line' id='line_1_2' title="bbox 437 858 1381 939; baseline -0.003 -18"><span class='ocrx_word' id='word_1_6' title='bbox 437 865 485 922; x_wconf 83' lang='lat' dir='ltr'>Ad</span> <span class='ocrx_word' id='word_1_7' title='bbox 498 861 655 921; x_wconf 86' lang='lat' dir='ltr'>firmandam</span> <span class='ocrx_word' id='word_1_8' title='bbox 668 880 763 939; x_wconf 84' lang='lat' dir='ltr'><strong>pacem</strong></span> <span class='ocrx_word' id='word_1_9' title='bbox 784 858 922 918; x_wconf 79' lang='lat' dir='ltr'>Brundisi</span> <span class='ocrx_word' id='word_1_10' title='bbox 932 858 1004 918; x_wconf 87' lang='lat' dir='ltr'>inter</span> <span class='ocrx_word' id='word_1_11' title='bbox 1015 859 1147 917; x_wconf 78' lang='lat' dir='ltr'>Caesarem</span> <span class='ocrx_word' id='word_1_12' title='bbox 1160 872 1188 919; x_wconf 87' lang='lat' dir='ltr'>et</span> <span class='ocrx_word' id='word_1_13' title='bbox 1199 858 1245 920; x_wconf 92' lang='lat' dir='ltr'>M.</span> <span class='ocrx_word' id='word_1_14' title='bbox 1260 862 1381 923; x_wconf 80' lang='lat' dir='ltr'><strong>Antoni-</strong></span> 
     </span>
     <span class='ocr_line' id='line_1_3' title="bbox 394 947 1382 1030; baseline -0.007 -18"><span class='ocrx_word' id='word_1_15' title='bbox 394 954 445 1013; x_wconf 85' lang='lat' dir='ltr'>brn</span> <span class='ocrx_word' id='word_1_16' title='bbox 457 952 554 1011; x_wconf 72' lang='lat' dir='ltr'>fartam</span> <span class='ocrx_word' id='word_1_17' title='bbox 564 949 708 1009; x_wconf 72' lang='lat' dir='ltr'>Ot‘taviam</span> <span class='ocrx_word' id='word_1_18' title='bbox 720 947 844 1007; x_wconf 88' lang='lat' dir='ltr'>Antonio</span> <span class='ocrx_word' id='word_1_19' title='bbox 856 948 886 1005; x_wconf 90' lang='lat' dir='ltr'>in</span> <span class='ocrx_word' id='word_1_20' title='bbox 899 947 1103 1007; x_wconf 83' lang='lat' dir='ltr'>matrimonium</span> <span class='ocrx_word' id='word_1_21' title='bbox 1126 949 1220 1007; x_wconf 87' lang='lat' dir='ltr'>datam</span> <span class='ocrx_word' id='word_1_22' title='bbox 1240 949 1292 1008; x_wconf 86' lang='lat' dir='ltr'>esse</span> <span class='ocrx_word' id='word_1_23' title='bbox 1303 950 1382 1030; x_wconf 79' lang='lat' dir='ltr'>dixi.</span> 
     </span>
     <span class='ocr_line' id='line_1_4' title="bbox 395 1035 1381 1118; baseline 0 -18"><span class='ocrx_word' id='word_1_24' title='bbox 395 1062 469 1101; x_wconf 79' lang='lat' dir='ltr'>nnus.</span> <span class='ocrx_word' id='word_1_25' title='bbox 495 1062 523 1099; x_wconf 88' lang='lat' dir='ltr'>v.</span> <span class='ocrx_word' id='word_1_26' title='bbox 538 1038 596 1096; x_wconf 90' lang='lat' dir='ltr'>Dio</span> <span class='ocrx_word' id='word_1_27' title='bbox 610 1037 752 1107; x_wconf 77' lang='lat' dir='ltr'>XLVIII,</span> <span class='ocrx_word' id='word_1_28' title='bbox 772 1055 820 1113; x_wconf 83' lang='lat'>3¹·</span> <span class='ocrx_word' id='word_1_29' title='bbox 854 1036 974 1114; x_wconf 87' lang='lat' dir='ltr'>Appian.</span> <span class='ocrx_word' id='word_1_30' title='bbox 990 1035 1055 1093; x_wconf 92' lang='lat' dir='ltr'>Civ.</span> <span class='ocrx_word' id='word_1_31' title='bbox 1068 1035 1108 1104; x_wconf 87' lang='lat' dir='ltr'>V,</span> <span class='ocrx_word' id='word_1_32' title='bbox 1123 1041 1172 1115; x_wconf 83' lang='lat'>65,</span> <span class='ocrx_word' id='word_1_33' title='bbox 1191 1058 1219 1115; x_wconf 91' lang='lat' dir='ltr'>p.</span> <span class='ocrx_word' id='word_1_34' title='bbox 1235 1043 1309 1100; x_wconf 86' lang='lat'>1126</span> <span class='ocrx_word' id='word_1_35' title='bbox 1322 1038 1381 1118; x_wconf 89' lang='lat' dir='ltr'><strong>sqq.</strong></span> 
     </span>
     <span class='ocr_line' id='line_1_5' title="bbox 397 1124 1382 1207; baseline -0.009 -20"><span class='ocrx_word' id='word_1_36' title='bbox 397 1129 465 1188; x_wconf 86' lang='lat' dir='ltr'>Erat</span> <span class='ocrx_word' id='word_1_37' title='bbox 475 1144 565 1188; x_wconf 87' lang='lat' dir='ltr'>autem</span> <span class='ocrx_word' id='word_1_38' title='bbox 576 1127 720 1186; x_wconf 69' lang='lat' dir='ltr'>octaviae</span> <span class='ocrx_word' id='word_1_39' title='bbox 739 1130 830 1204; x_wconf 89' lang='lat' dir='ltr'>priore</span> <span class='ocrx_word' id='word_1_40' title='bbox 843 1126 952 1193; x_wconf 88' lang='lat' dir='ltr'>marito,</span> <span class='ocrx_word' id='word_1_41' title='bbox 972 1124 1008 1183; x_wconf 83' lang='lat' dir='ltr'>C.</span> <span class='ocrx_word' id='word_1_42' title='bbox 1022 1124 1141 1183; x_wconf 85' lang='lat' dir='ltr'>Claudio</span> <span class='ocrx_word' id='word_1_43' title='bbox 1153 1125 1301 1194; x_wconf 88' lang='lat' dir='ltr'>Marcello,</span> <span class='ocrx_word' id='word_1_44' title='bbox 1319 1148 1382 1207; x_wconf 85' lang='lat' dir='ltr'>gra.</span> 
     </span>
     <span class='ocr_line' id='line_1_6' title="bbox 399 1212 1383 1293; baseline -0.001 -19"><span class='ocrx_word' id='word_1_45' title='bbox 399 1216 477 1286; x_wconf 86' lang='lat' dir='ltr'>vida,</span> <span class='ocrx_word' id='word_1_46' title='bbox 497 1232 527 1276; x_wconf 95' lang='lat' dir='ltr'>ut</span> <span class='ocrx_word' id='word_1_47' title='bbox 540 1219 599 1279; x_wconf 94' lang='lat' dir='ltr'>Dio</span> <span class='ocrx_word' id='word_1_48' title='bbox 609 1218 629 1278; x_wconf 84' lang='lat' dir='ltr'>l.</span> <span class='ocrx_word' id='word_1_49' title='bbox 639 1217 659 1274; x_wconf 85' lang='lat'>1.</span> <span class='ocrx_word' id='word_1_50' title='bbox 673 1212 812 1275; x_wconf 85' lang='lat' dir='ltr'>memorat.</span> <span class='ocrx_word' id='word_1_51' title='bbox 853 1215 939 1291; x_wconf 89' lang='lat' dir='ltr'>Cujus</span> <span class='ocrx_word' id='word_1_52' title='bbox 951 1213 1138 1287; x_wconf 69' lang='lat' dir='ltr'>laudatissimae</span> <span class='ocrx_word' id='word_1_53' title='bbox 1153 1213 1261 1273; x_wconf 84' lang='lat' dir='ltr'>semime</span> <span class='ocrx_word' id='word_1_54' title='bbox 1274 1216 1383 1293; x_wconf 72' lang='lat' dir='ltr'>(deque</span> 
     </span>
     <span class='ocr_line' id='line_1_7' title="bbox 399 1301 1394 1384; baseline 0 -22"><span class='ocrx_word' id='word_1_55' title='bbox 399 1325 428 1363; x_wconf 84' lang='lat' dir='ltr'>v.</span> <span class='ocrx_word' id='word_1_56' title='bbox 437 1304 577 1384; x_wconf 27' lang='lat' dir='ltr'>*Baylium</span> <span class='ocrx_word' id='word_1_57' title='bbox 597 1323 646 1364; x_wconf 86' lang='lat' dir='ltr'>nec</span> <span class='ocrx_word' id='word_1_58' title='bbox 665 1323 719 1361; x_wconf 89' lang='lat' dir='ltr'>non</span> <span class='ocrx_word' id='word_1_59' title='bbox 734 1302 912 1362; x_wconf 87' lang='lat' dir='ltr'>Froelichium</span> <span class='ocrx_word' id='word_1_60' title='bbox 932 1301 961 1359; x_wconf 91' lang='lat' dir='ltr'>in</span> <span class='ocrx_word' id='word_1_61' title='bbox 978 1302 1105 1360; x_wconf 75' lang='lat' dir='ltr'>Mantissa</span> <span class='ocrx_word' id='word_1_62' title='bbox 1121 1301 1261 1361; x_wconf 90' lang='lat' dir='ltr'>Numism.</span> <span class='ocrx_word' id='word_1_63' title='bbox 1284 1323 1339 1362; x_wconf 86' lang='lat' dir='ltr'>rar.</span> <span class='ocrx_word' id='word_1_64' title='bbox 1352 1304 1394 1363; x_wconf 86' lang='lat' dir='ltr'>in&#39;</span> 
     </span>
     <span class='ocr_line' id='line_1_8' title="bbox 402 1391 1384 1471; baseline -0.001 -20"><span class='ocrx_word' id='word_1_65' title='bbox 402 1394 490 1452; x_wconf 91' lang='lat' dir='ltr'>Gorii</span> <span class='ocrx_word' id='word_1_66' title='bbox 500 1394 636 1471; x_wconf 82' lang='lat' dir='ltr'>Symbolie</span> <span class='ocrx_word' id='word_1_67' title='bbox 648 1394 705 1451; x_wconf 86' lang='lat' dir='ltr'>Iitr.</span> <span class='ocrx_word' id='word_1_68' title='bbox 717 1392 754 1450; x_wconf 90' lang='lat' dir='ltr'>T.</span> <span class='ocrx_word' id='word_1_69' title='bbox 768 1391 838 1457; x_wconf 88' lang='lat' dir='ltr'>VH,</span> <span class='ocrx_word' id='word_1_70' title='bbox 851 1413 879 1469; x_wconf 90' lang='lat' dir='ltr'>p.</span> <span class='ocrx_word' id='word_1_71' title='bbox 898 1412 962 1467; x_wconf 84' lang='lat'>123,</span> <span class='ocrx_word' id='word_1_72' title='bbox 976 1393 1024 1450; x_wconf 90' lang='lat' dir='ltr'>ubi</span> <span class='ocrx_word' id='word_1_73' title='bbox 1038 1392 1147 1452; x_wconf 88' lang='lat' dir='ltr'>Tiberii</span> <span class='ocrx_word' id='word_1_74' title='bbox 1160 1392 1270 1450; x_wconf 75' lang='lat' dir='ltr'>Caesarie</span> <span class='ocrx_word' id='word_1_75' title='bbox 1283 1412 1384 1452; x_wconf 81' lang='lat' dir='ltr'>numus</span> 
     </span>
     <span class='ocr_line' id='line_1_9' title="bbox 400 1481 1382 1561; baseline 0.001 -21"><span class='ocrx_word' id='word_1_76' title='bbox 400 1502 466 1543; x_wconf 91' lang='lat' dir='ltr'>cum</span> <span class='ocrx_word' id='word_1_77' title='bbox 478 1484 601 1544; x_wconf 66' lang='lat' dir='ltr'>Octavia</span> <span class='ocrx_word' id='word_1_78' title='bbox 611 1497 639 1541; x_wconf 89' lang='lat' dir='ltr'>et</span> <span class='ocrx_word' id='word_1_79' title='bbox 652 1481 767 1560; x_wconf 86' lang='lat' dir='ltr'>Augusti</span> <span class='ocrx_word' id='word_1_80' title='bbox 779 1500 825 1540; x_wconf 89' lang='lat' dir='ltr'>ore</span> <span class='ocrx_word' id='word_1_81' title='bbox 837 1482 991 1554; x_wconf 76' lang='lat' dir='ltr'>exhibetur)</span> <span class='ocrx_word' id='word_1_82' title='bbox 1003 1482 1115 1541; x_wconf 83' lang='lat' dir='ltr'>confilio</span> <span class='ocrx_word' id='word_1_83' title='bbox 1126 1498 1154 1541; x_wconf 87' lang='lat' dir='ltr'>et</span> <span class='ocrx_word' id='word_1_84' title='bbox 1162 1482 1305 1561; x_wconf 87' lang='lat' dir='ltr'>prudentia</span> <span class='ocrx_word' id='word_1_85' title='bbox 1315 1502 1382 1541; x_wconf 92' lang='lat' dir='ltr'>cum</span> 
     </span>
     <span class='ocr_line' id='line_1_10' title="bbox 398 1569 1384 1649; baseline -0.002 -18"><span class='ocrx_word' id='word_1_86' title='bbox 398 1591 493 1631; x_wconf 79' lang='lat' dir='ltr'>ornnes</span> <span class='ocrx_word' id='word_1_87' title='bbox 504 1574 570 1631; x_wconf 91' lang='lat' dir='ltr'>boni</span> <span class='ocrx_word' id='word_1_88' title='bbox 585 1572 678 1649; x_wconf 81' lang='lat' dir='ltr'>pacem</span> <span class='ocrx_word' id='word_1_89' title='bbox 688 1586 715 1629; x_wconf 90' lang='lat' dir='ltr'>et</span> <span class='ocrx_word' id='word_1_90' title='bbox 728 1569 906 1631; x_wconf 85' lang='lat' dir='ltr'>concordiam</span> <span class='ocrx_word' id='word_1_91' title='bbox 918 1572 1027 1630; x_wconf 89' lang='lat' dir='ltr'>tandem</span> <span class='ocrx_word' id='word_1_92' title='bbox 1039 1570 1183 1631; x_wconf 86' lang='lat' dir='ltr'>stabilitam</span> <span class='ocrx_word' id='word_1_93' title='bbox 1197 1585 1224 1630; x_wconf 91' lang='lat' dir='ltr'>et</span> <span class='ocrx_word' id='word_1_94' title='bbox 1235 1569 1384 1634; x_wconf 83' lang='lat' dir='ltr'>firmissimo</span> 
     </span>
     <span class='ocr_line' id='line_1_11' title="bbox 402 1659 1384 1743; baseline -0.004 -22"><span class='ocrx_word' id='word_1_95' title='bbox 402 1662 515 1722; x_wconf 84' lang='lat' dir='ltr'>uinculo</span> <span class='ocrx_word' id='word_1_96' title='bbox 537 1676 752 1743; x_wconf 83' lang='lat' dir='ltr'>coagmentatam</span> <span class='ocrx_word' id='word_1_97' title='bbox 775 1659 927 1730; x_wconf 80' lang='lat' dir='ltr'>crederent,</span> <span class='ocrx_word' id='word_1_98' title='bbox 958 1680 1075 1737; x_wconf 91' lang='lat' dir='ltr'>cumque</span> <span class='ocrx_word' id='word_1_99' title='bbox 1097 1662 1153 1738; x_wconf 81' lang='lat' dir='ltr'>ejus</span> <span class='ocrx_word' id='word_1_100' title='bbox 1173 1679 1237 1718; x_wconf 91' lang='lat' dir='ltr'>cum</span> <span class='ocrx_word' id='word_1_101' title='bbox 1258 1660 1384 1720; x_wconf 87' lang='lat' dir='ltr'>Antonio</span> 
     </span>
     <span class='ocr_line' id='line_1_12' title="bbox 398 1749 1383 1832; baseline -0.002 -21"><span class='ocrx_word' id='word_1_102' title='bbox 398 1753 564 1831; x_wconf 67' lang='lat' dir='ltr'>,conjugium</span> <span class='ocrx_word' id='word_1_103' title='bbox 577 1772 673 1832; x_wconf 87' lang='lat' dir='ltr'>magna</span> <span class='ocrx_word' id='word_1_104' title='bbox 685 1752 780 1829; x_wconf 86' lang='lat' dir='ltr'>populi</span> <span class='ocrx_word' id='word_1_105' title='bbox 793 1749 888 1808; x_wconf 82' lang='lat' dir='ltr'>Iaetitia</span> <span class='ocrx_word' id='word_1_106' title='bbox 901 1763 928 1807; x_wconf 88' lang='lat' dir='ltr'>et</span> <span class='ocrx_word' id='word_1_107' title='bbox 949 1750 1143 1810; x_wconf 84' lang='lat' dir='ltr'>acclamatione</span> <span class='ocrx_word' id='word_1_108' title='bbox 1154 1764 1297 1828; x_wconf 83' lang='lat' dir='ltr'>exceptum</span> <span class='ocrx_word' id='word_1_109' title='bbox 1309 1750 1383 1821; x_wconf 86' lang='lat' dir='ltr'>esset,</span> 
     </span>
     <span class='ocr_line' id='line_1_13' title="bbox 399 1841 1453 1924; baseline 0.006 -29"><span class='ocrx_word' id='word_1_110' title='bbox 399 1842 459 1902; x_wconf 77' lang='lat' dir='ltr'>¹uisa</span> <span class='ocrx_word' id='word_1_111' title='bbox 471 1846 508 1902; x_wconf 87' lang='lat' dir='ltr'>est</span> <span class='ocrx_word' id='word_1_112' title='bbox 521 1843 612 1903; x_wconf 84' lang='lat' dir='ltr'>multis</span> <span class='ocrx_word' id='word_1_113' title='bbox 624 1842 690 1900; x_wconf 86' lang='lat' dir='ltr'>viris</span> <span class='ocrx_word' id='word_1_114' title='bbox 702 1842 790 1900; x_wconf 80' lang='lat' dir='ltr'>dosiis&#39;</span> <span class='ocrx_word' id='word_1_115' title='bbox 804 1842 955 1924; x_wconf 85' lang='lat' dir='ltr'>EclogaIV</span> <span class='ocrx_word' id='word_1_116' title='bbox 969 1843 1004 1900; x_wconf 86' lang='lat' dir='ltr'>ad</span> <span class='ocrx_word' id='word_1_117' title='bbox 1024 1842 1053 1901; x_wconf 88' lang='lat' dir='ltr'>b.</span> <span class='ocrx_word' id='word_1_118' title='bbox 1075 1862 1101 1903; x_wconf 87' lang='lat' dir='ltr'>a.</span> <span class='ocrx_word' id='word_1_119' title='bbox 1123 1841 1261 1900; x_wconf 87' lang='lat' dir='ltr'>referenda</span> <span class='ocrx_word' id='word_1_120' title='bbox 1271 1841 1332 1907; x_wconf 70' lang='lat' dir='ltr'>ere,</span> <span class='ocrx_word' id='word_1_121' title='bbox 1351 1854 1383 1907; x_wconf 86' lang='lat' dir='ltr'>ut</span> <span class='ocrx_word' id='word_1_122' title='bbox 1433 1872 1453 1877; x_wconf 90' lang='lat'>··</span> 
     </span>
     <span class='ocr_line' id='line_1_14' title="bbox 406 1930 1450 2013; baseline 0.003 -23"><span class='ocrx_word' id='word_1_123' title='bbox 406 1930 497 1994; x_wconf 81' lang='lat' dir='ltr'>infans</span> <span class='ocrx_word' id='word_1_124' title='bbox 509 1934 557 1993; x_wconf 87' lang='lat' dir='ltr'>ille</span> <span class='ocrx_word' id='word_1_125' title='bbox 570 1933 728 2002; x_wconf 87' lang='lat' dir='ltr'>nasciturus,</span> <span class='ocrx_word' id='word_1_126' title='bbox 742 1934 818 2010; x_wconf 83' lang='lat' dir='ltr'>cujus</span> <span class='ocrx_word' id='word_1_127' title='bbox 831 1933 860 1991; x_wconf 85' lang='lat' dir='ltr'>In</span> <span class='ocrx_word' id='word_1_128' title='bbox 873 1954 907 1992; x_wconf 91' lang='lat' dir='ltr'>eo</span> <span class='ocrx_word' id='word_1_129' title='bbox 918 1933 1036 1994; x_wconf 86' lang='lat' dir='ltr'>carmine</span> <span class='ocrx_word' id='word_1_130' title='bbox 1047 1950 1103 1991; x_wconf 90' lang='lat' dir='ltr'>tam</span> <span class='ocrx_word' id='word_1_131' title='bbox 1114 1933 1240 2013; x_wconf 76' lang='lat' dir='ltr'>praeclara</span> <span class='ocrx_word' id='word_1_132' title='bbox 1248 1931 1302 1990; x_wconf 80' lang='lat' dir='ltr'>sata</span> <span class='ocrx_word' id='word_1_133' title='bbox 1310 1932 1382 1993; x_wconf 88' lang='lat' dir='ltr'>omi-</span> <span class='ocrx_word' id='word_1_134' title='bbox 1445 1931 1450 1937; x_wconf 71' lang='grc'><strong>’</strong></span> 
     </span>
     <span class='ocr_line' id='line_1_15' title="bbox 402 2021 1382 2102; baseline -0.005 -18"><span class='ocrx_word' id='word_1_135' title='bbox 402 2030 587 2102; x_wconf 72' lang='lat' dir='ltr'>naturpoeta,</span> <span class='ocrx_word' id='word_1_136' title='bbox 605 2021 826 2091; x_wconf 57' lang='lat' dir='ltr'>nullusaliuusre</span> <span class='ocrx_word' id='word_1_137' title='bbox 838 2021 972 2099; x_wconf 78' lang='lat' dir='ltr'>quomis,</span> <span class='ocrx_word' id='word_1_138' title='bbox 992 2042 1071 2100; x_wconf 89' lang='lat' dir='ltr'>quem</span> <span class='ocrx_word' id='word_1_139' title='bbox 1091 2022 1208 2083; x_wconf 74' lang='lat' dir='ltr'>Osiavia</span> <span class='ocrx_word' id='word_1_140' title='bbox 1227 2036 1285 2080; x_wconf 88' lang='lat' dir='ltr'>tum</span> <span class='ocrx_word' id='word_1_141' title='bbox 1304 2035 1382 2080; x_wconf 84' lang='lat' dir='ltr'>utero</span> 
     </span>
     <span class='ocr_line' id='line_1_16' title="bbox 400 2109 1382 2193; baseline -0.004 -20"><span class='ocrx_word' id='word_1_142' title='bbox 400 2114 526 2193; x_wconf 73' lang='lat' dir='ltr'>gerebat.</span> <span class='ocrx_word' id='word_1_143' title='bbox 565 2114 714 2172; x_wconf 85' lang='lat' dir='ltr'>Est&#39;tamen</span> <span class='ocrx_word' id='word_1_144' title='bbox 724 2112 835 2172; x_wconf 88' lang='lat' dir='ltr'>difficile</span> <span class='ocrx_word' id='word_1_145' title='bbox 846 2112 949 2182; x_wconf 90' lang='lat' dir='ltr'>dicere,</span> <span class='ocrx_word' id='word_1_146' title='bbox 967 2112 1105 2190; x_wconf 89' lang='lat' dir='ltr'>quomodo</span> <span class='ocrx_word' id='word_1_147' title='bbox 1113 2113 1148 2169; x_wconf 90' lang='lat' dir='ltr'>de</span> <span class='ocrx_word' id='word_1_148' title='bbox 1155 2109 1283 2172; x_wconf 81' lang='lat' dir='ltr'>Marcelli</span> <span class='ocrx_word' id='word_1_149' title='bbox 1293 2111 1382 2189; x_wconf 80' lang='lat' dir='ltr'>posiu-</span> 
     </span>
     <span class='ocr_line' id='line_1_17' title="bbox 401 2199 1381 2278; baseline -0.003 -18"><span class='ocrx_word' id='word_1_150' title='bbox 401 2222 465 2271; x_wconf 76' lang='lat' dir='ltr'>nro,</span> <span class='ocrx_word' id='word_1_151' title='bbox 483 2204 536 2261; x_wconf 79' lang='lat' dir='ltr'>sive</span> <span class='ocrx_word' id='word_1_152' title='bbox 551 2201 579 2260; x_wconf 87' lang='lat' dir='ltr'>is</span> <span class='ocrx_word' id='word_1_153' title='bbox 593 2202 768 2277; x_wconf 79' lang='lat' dir='ltr'>(ex-Catroei,</span> <span class='ocrx_word' id='word_1_154' title='bbox 788 2199 905 2264; x_wconf 86' lang='lat' dir='ltr'>Martini</span> <span class='ocrx_word' id='word_1_155' title='bbox 923 2216 951 2260; x_wconf 91' lang='lat' dir='ltr'>et</span> <span class='ocrx_word' id='word_1_156' title='bbox 964 2199 1084 2277; x_wconf 73' lang='lat' dir='ltr'>Spencd,</span> <span class='ocrx_word' id='word_1_157' title='bbox 1103 2199 1236 2278; x_wconf 80' lang='lat' dir='ltr'>opimone</span> <span class='ocrx_word' id='word_1_158' title='bbox 1249 2200 1381 2276; x_wconf 80' lang='lat' dir='ltr'>Polymer.</span> 
     </span>
     <span class='ocr_line' id='line_1_18' title="bbox 400 2287 1383 2372; baseline -0.006 -21"><span class='ocrx_word' id='word_1_159' title='bbox 400 2309 471 2372; x_wconf 74' lang='lat' dir='ltr'>pag.</span> <span class='ocrx_word' id='word_1_160' title='bbox 486 2296 551 2368; x_wconf 86' lang='lat'>1·89‚</span> <span class='ocrx_word' id='word_1_161' title='bbox 572 2294 620 2364; x_wconf 86' lang='lat'>86)</span> <span class='ocrx_word' id='word_1_162' title='bbox 635 2289 707 2348; x_wconf 90' lang='lat' dir='ltr'>idem</span> <span class='ocrx_word' id='word_1_163' title='bbox 719 2288 765 2347; x_wconf 87' lang='lat' dir='ltr'>ille</span> <span class='ocrx_word' id='word_1_164' title='bbox 788 2290 833 2349; x_wconf 81' lang='lat' dir='ltr'>M.</span> <span class='ocrx_word' id='word_1_165' title='bbox 855 2288 1011 2357; x_wconf 79' lang='lat' dir='ltr'>Marcellus,</span> <span class='ocrx_word' id='word_1_166' title='bbox 1029 2287 1077 2365; x_wconf 89' lang='lat' dir='ltr'>qui</span> <span class='ocrx_word' id='word_1_167' title='bbox 1089 2287 1233 2350; x_wconf 79' lang='lat' dir='ltr'>immatura</span> <span class='ocrx_word' id='word_1_168' title='bbox 1244 2301 1333 2351; x_wconf 85' lang='lat' dir='ltr'>morte</span> <span class='ocrx_word' id='word_1_169' title='bbox 1343 2288 1383 2350; x_wconf 89' lang='lat' dir='ltr'>U.</span> 
     </span>
     <span class='ocr_line' id='line_1_19' title="bbox 401 2375 1388 2457; baseline 0.001 -24"><span class='ocrx_word' id='word_1_170' title='bbox 401 2376 444 2438; x_wconf 84' lang='lat' dir='ltr'>·C.</span> <span class='ocrx_word' id='word_1_171' title='bbox 459 2399 475 2457; x_wconf 80' lang='lat' dir='ltr'>p</span> <span class='ocrx_word' id='word_1_172' title='bbox 480 2398 511 2451; x_wconf 86' lang='lat'>3¹</span> <span class='ocrx_word' id='word_1_173' title='bbox 528 2376 599 2434; x_wconf 91' lang='lat' dir='ltr'>obiit</span> <span class='ocrx_word' id='word_1_174' title='bbox 611 2376 657 2449; x_wconf 80' lang='lat' dir='ltr'>(ad</span> <span class='ocrx_word' id='word_1_175' title='bbox 669 2396 749 2454; x_wconf 87' lang='lat' dir='ltr'>quem</span> <span class='ocrx_word' id='word_1_176' title='bbox 762 2396 861 2434; x_wconf 84' lang='lat' dir='ltr'>annum</span> <span class='ocrx_word' id='word_1_177' title='bbox 875 2376 962 2451; x_wconf 84' lang='lat' dir='ltr'>vide),</span> <span class='ocrx_word' id='word_1_178' title='bbox 980 2376 1035 2434; x_wconf 82' lang='lat' dir='ltr'>stre</span> <span class='ocrx_word' id='word_1_179' title='bbox 1057 2376 1125 2435; x_wconf 88' lang='lat' dir='ltr'>alius</span> <span class='ocrx_word' id='word_1_180' title='bbox 1136 2375 1225 2437; x_wconf 87' lang='lat' dir='ltr'>minor</span> <span class='ocrx_word' id='word_1_181' title='bbox 1236 2391 1302 2434; x_wconf 88' lang='lat' dir='ltr'>natu</span> <span class='ocrx_word' id='word_1_182' title='bbox 1315 2376 1388 2440; x_wconf 74' lang='lat' dir='ltr'>fuit.</span> 
     </span>
     <span class='ocr_line' id='line_1_20' title="bbox 400 2465 1386 2547; baseline -0.002 -23"><span class='ocrx_word' id='word_1_183' title='bbox 400 2479 448 2524; x_wconf 82' lang='lat' dir='ltr'>-tot</span> <span class='ocrx_word' id='word_1_184' title='bbox 458 2482 485 2525; x_wconf 89' lang='lat' dir='ltr'>et</span> <span class='ocrx_word' id='word_1_185' title='bbox 498 2482 573 2525; x_wconf 86' lang='lat' dir='ltr'>tanta</span> <span class='ocrx_word' id='word_1_186' title='bbox 590 2468 625 2524; x_wconf 88' lang='lat' dir='ltr'>ad</span> <span class='ocrx_word' id='word_1_187' title='bbox 646 2466 774 2525; x_wconf 90' lang='lat' dir='ltr'>summam</span> <span class='ocrx_word' id='word_1_188' title='bbox 797 2487 887 2526; x_wconf 90' lang='lat' dir='ltr'>rerum</span> <span class='ocrx_word' id='word_1_189' title='bbox 913 2468 1056 2547; x_wconf 70' lang='lat' dir='ltr'>spetIantia</span> <span class='ocrx_word' id='word_1_190' title='bbox 1072 2465 1196 2547; x_wconf 83' lang='lat' dir='ltr'>augurari</span> <span class='ocrx_word' id='word_1_191' title='bbox 1210 2478 1270 2526; x_wconf 85' lang='lat' dir='ltr'>tum</span> <span class='ocrx_word' id='word_1_192' title='bbox 1282 2465 1386 2542; x_wconf 84' lang='lat' dir='ltr'>aliquis</span> 
     </span>
     <span class='ocr_line' id='line_1_21' title="bbox 404 2555 1384 2636; baseline 0 -21"><span class='ocrx_word' id='word_1_193' title='bbox 404 2559 534 2636; x_wconf 84' lang='lat' dir='ltr'>potuerit.</span> <span class='ocrx_word' id='word_1_194' title='bbox 575 2556 703 2619; x_wconf 83' lang='lat' dir='ltr'>Diximus</span> <span class='ocrx_word' id='word_1_195' title='bbox 714 2558 806 2635; x_wconf 84' lang='lat' dir='ltr'>paullo</span> <span class='ocrx_word' id='word_1_196' title='bbox 815 2574 887 2625; x_wconf 91' lang='lat' dir='ltr'>ante,</span> <span class='ocrx_word' id='word_1_197' title='bbox 896 2558 944 2615; x_wconf 93' lang='lat' dir='ltr'>sub</span> <span class='ocrx_word' id='word_1_198' title='bbox 953 2558 1032 2633; x_wconf 87' lang='lat' dir='ltr'>hujus</span> <span class='ocrx_word' id='word_1_199' title='bbox 1042 2557 1106 2615; x_wconf 83' lang='lat' dir='ltr'>anni</span> <span class='ocrx_word' id='word_1_200' title='bbox 1113 2555 1197 2616; x_wconf 79' lang='lat' dir='ltr'>,initia</span> <span class='ocrx_word' id='word_1_201' title='bbox 1209 2555 1384 2633; x_wconf 84' lang='lat' dir='ltr'>Scriboniam</span> 
     </span>
     <span class='ocr_line' id='line_1_22' title="bbox 406 2645 1385 2727; baseline 0 -21"><span class='ocrx_word' id='word_1_202' title='bbox 406 2666 424 2706; x_wconf 81' lang='lat' dir='ltr'>a</span> <span class='ocrx_word' id='word_1_203' title='bbox 437 2646 543 2714; x_wconf 78' lang='lat' dir='ltr'>Caesare</span> <span class='ocrx_word' id='word_1_204' title='bbox 554 2647 605 2708; x_wconf 81' lang='lat' dir='ltr'>effe</span> <span class='ocrx_word' id='word_1_205' title='bbox 617 2648 736 2705; x_wconf 77' lang='lat' dir='ltr'>dusiam.</span> <span class='ocrx_word' id='word_1_206' title='bbox 775 2646 841 2706; x_wconf 84' lang='lat' dir='ltr'>Erat</span> <span class='ocrx_word' id='word_1_207' title='bbox 854 2667 886 2705; x_wconf 87' lang='lat' dir='ltr'>ea</span> <span class='ocrx_word' id='word_1_208' title='bbox 898 2646 1060 2706; x_wconf 72' lang='lat' dir='ltr'>suberbum</span> <span class='ocrx_word' id='word_1_209' title='bbox 1077 2646 1140 2707; x_wconf 88' lang='lat' dir='ltr'>anni</span> <span class='ocrx_word' id='word_1_210' title='bbox 1147 2645 1313 2727; x_wconf 80' lang='lat' dir='ltr'>gravidaex</span> <span class='ocrx_word' id='word_1_211' title='bbox 1323 2647 1385 2706; x_wconf 82' lang='lat' dir='ltr'>Cae·</span> 
     </span>
     <span class='ocr_line' id='line_1_23' title="bbox 404 2734 1384 2815; baseline 0 -22"><span class='ocrx_word' id='word_1_212' title='bbox 404 2734 474 2794; x_wconf 84' lang='lat' dir='ltr'>sare.</span> <span class='ocrx_word' id='word_1_213' title='bbox 514 2734 786 2813; x_wconf 82' lang='lat' dir='ltr'>Probabiliusitaque</span> <span class='ocrx_word' id='word_1_214' title='bbox 798 2737 840 2803; x_wconf 87' lang='lat' dir='ltr'>fit,</span> <span class='ocrx_word' id='word_1_215' title='bbox 860 2737 1018 2815; x_wconf 87' lang='lat' dir='ltr'>adprolem,</span> <span class='ocrx_word' id='word_1_216' title='bbox 1037 2757 1117 2813; x_wconf 84' lang='lat' dir='ltr'>quarn</span> <span class='ocrx_word' id='word_1_217' title='bbox 1131 2756 1174 2794; x_wconf 82' lang='lat' dir='ltr'>ex</span> <span class='ocrx_word' id='word_1_218' title='bbox 1193 2754 1225 2795; x_wconf 73' lang='lat' dir='ltr'>m</span> <span class='ocrx_word' id='word_1_219' title='bbox 1237 2736 1384 2810; x_wconf 70' lang='lat' dir='ltr'>tollendam</span> 
     </span>
     <span class='ocr_line' id='line_1_24' title="bbox 407 2825 1383 2905; baseline -0.001 -21"><span class='ocrx_word' id='word_1_220' title='bbox 407 2825 530 2903; x_wconf 82' lang='lat' dir='ltr'>sperabat</span> <span class='ocrx_word' id='word_1_221' title='bbox 543 2825 643 2895; x_wconf 82' lang='lat' dir='ltr'>Caesar,</span> <span class='ocrx_word' id='word_1_222' title='bbox 660 2829 783 2905; x_wconf 87' lang='lat' dir='ltr'>jamtum</span> <span class='ocrx_word' id='word_1_223' title='bbox 797 2828 831 2884; x_wconf 89' lang='lat' dir='ltr'>ad</span> <span class='ocrx_word' id='word_1_224' title='bbox 839 2828 953 2886; x_wconf 84' lang='lat' dir='ltr'>summas</span> <span class='ocrx_word' id='word_1_225' title='bbox 965 2827 994 2882; x_wconf 92' lang='lat' dir='ltr'>in</span> <span class='ocrx_word' id='word_1_226' title='bbox 1007 2846 1061 2905; x_wconf 89' lang='lat' dir='ltr'>rep.</span> <span class='ocrx_word' id='word_1_227' title='bbox 1072 2828 1260 2904; x_wconf 76' lang='lat' dir='ltr'>opereresius,</span> <span class='ocrx_word' id='word_1_228' title='bbox 1273 2832 1383 2903; x_wconf 66' lang='lat' dir='ltr'>poetam</span> 
     </span>
     <span class='ocr_line' id='line_1_25' title="bbox 398 2912 1388 2994; baseline 0.001 -22"><span class='ocrx_word' id='word_1_229' title='bbox 398 2912 559 2992; x_wconf 71' lang='lat' dir='ltr'>respexisse,</span> <span class='ocrx_word' id='word_1_230' title='bbox 571 2931 599 2975; x_wconf 90' lang='lat' dir='ltr'>et</span> <span class='ocrx_word' id='word_1_231' title='bbox 612 2916 716 2975; x_wconf 85' lang='lat' dir='ltr'>Iaetitiae</span> <span class='ocrx_word' id='word_1_232' title='bbox 728 2914 844 2994; x_wconf 82' lang='lat' dir='ltr'>publicae</span> <span class='ocrx_word' id='word_1_233' title='bbox 856 2914 986 2993; x_wconf 86' lang='lat' dir='ltr'>impetum</span> <span class='ocrx_word' id='word_1_234' title='bbox 1006 2914 1157 2991; x_wconf 78' lang='lat' dir='ltr'>sequutum,</span> <span class='ocrx_word' id='word_1_235' title='bbox 1176 2933 1233 2974; x_wconf 90' lang='lat' dir='ltr'>rem</span> <span class='ocrx_word' id='word_1_236' title='bbox 1248 2913 1388 2973; x_wconf 79' lang='lat' dir='ltr'>sententiis</span> 
     </span>
     <span class='ocr_line' id='line_1_26' title="bbox 407 3003 1385 3085; baseline 0 -24"><span class='ocrx_word' id='word_1_237' title='bbox 407 3005 544 3064; x_wconf 82' lang='lat' dir='ltr'>exornasse</span> <span class='ocrx_word' id='word_1_238' title='bbox 553 3021 580 3063; x_wconf 91' lang='lat' dir='ltr'>er</span> <span class='ocrx_word' id='word_1_239' title='bbox 591 3005 771 3085; x_wconf 59' lang='lat' dir='ltr'>amplificatio</span> <span class='ocrx_word' id='word_1_240' title='bbox 791 3024 856 3082; x_wconf 87' lang='lat' dir='ltr'>qaas</span> <span class='ocrx_word' id='word_1_241' title='bbox 875 3004 984 3082; x_wconf 72' lang='lat' dir='ltr'>poetica</span> <span class='ocrx_word' id='word_1_242' title='bbox 996 3004 1065 3064; x_wconf 86' lang='lat' dir='ltr'>ratio</span> <span class='ocrx_word' id='word_1_243' title='bbox 1084 3003 1282 3083; x_wconf 81' lang='lat' dir='ltr'>suppeditabat,</span> <span class='ocrx_word' id='word_1_244' title='bbox 1300 3004 1385 3081; x_wconf 86' lang='lat' dir='ltr'>inpri-</span> 
     </span>
     <span class='ocr_line' id='line_1_27' title="bbox 407 3091 1386 3172; baseline -0.001 -20"><span class='ocrx_word' id='word_1_245' title='bbox 407 3091 471 3163; x_wconf 85' lang='lat' dir='ltr'>mis,</span> <span class='ocrx_word' id='word_1_246' title='bbox 491 3114 552 3153; x_wconf 91' lang='lat' dir='ltr'>cum</span> <span class='ocrx_word' id='word_1_247' title='bbox 564 3094 727 3172; x_wconf 73' lang='lat' dir='ltr'>sibyllinum</span> <span class='ocrx_word' id='word_1_248' title='bbox 740 3093 891 3159; x_wconf 89' lang='lat' dir='ltr'>oraculum,</span> <span class='ocrx_word' id='word_1_249' title='bbox 904 3092 975 3168; x_wconf 88' lang='lat' dir='ltr'>quod</span> <span class='ocrx_word' id='word_1_250' title='bbox 988 3092 1149 3168; x_wconf 84' lang='lat' dir='ltr'>sequeretur,</span> <span class='ocrx_word' id='word_1_251' title='bbox 1160 3092 1288 3162; x_wconf 22' lang='lat' dir='ltr'>haberet..</span> <span class='ocrx_word' id='word_1_252' title='bbox 1318 3092 1386 3151; x_wconf 92' lang='lat' dir='ltr'>Hoc</span> 
     </span>
     <span class='ocr_line' id='line_1_28' title="bbox 408 3179 1386 3264; baseline 0 -25"><span class='ocrx_word' id='word_1_253' title='bbox 408 3198 482 3242; x_wconf 89' lang='lat' dir='ltr'>certe</span> <span class='ocrx_word' id='word_1_254' title='bbox 504 3205 585 3255; x_wconf 89' lang='lat' dir='ltr'>anno,</span> <span class='ocrx_word' id='word_1_255' title='bbox 605 3205 671 3264; x_wconf 86' lang='lat' dir='ltr'>pace</span> <span class='ocrx_word' id='word_1_256' title='bbox 688 3185 744 3261; x_wconf 90' lang='lat' dir='ltr'>jam</span> <span class='ocrx_word' id='word_1_257' title='bbox 767 3182 900 3250; x_wconf 66' lang='lat' dir='ltr'>confecia,</span> <span class='ocrx_word' id='word_1_258' title='bbox 929 3181 1061 3257; x_wconf 88' lang='lat' dir='ltr'>Eclogam</span> <span class='ocrx_word' id='word_1_259' title='bbox 1081 3181 1150 3239; x_wconf 91' lang='lat' dir='ltr'>hanc</span> <span class='ocrx_word' id='word_1_260' title='bbox 1174 3179 1302 3259; x_wconf 82' lang='lat' dir='ltr'>scriptam</span> <span class='ocrx_word' id='word_1_261' title='bbox 1323 3182 1386 3247; x_wconf 88' lang='lat' dir='ltr'>esse,</span> 
     </span>
     <span class='ocr_line' id='line_1_29' title="bbox 409 3270 1388 3352; baseline -0.004 -21"><span class='ocrx_word' id='word_1_262' title='bbox 409 3272 532 3331; x_wconf 88' lang='lat' dir='ltr'>dubitari</span> <span class='ocrx_word' id='word_1_263' title='bbox 543 3275 656 3352; x_wconf 80' lang='lat' dir='ltr'>nequit3</span> <span class='ocrx_word' id='word_1_264' title='bbox 676 3293 739 3333; x_wconf 90' lang='lat' dir='ltr'>cum</span> <span class='ocrx_word' id='word_1_265' title='bbox 753 3271 870 3332; x_wconf 89' lang='lat' dir='ltr'>Pollioni</span> <span class='ocrx_word' id='word_1_266' title='bbox 884 3270 998 3329; x_wconf 85' lang='lat' dir='ltr'>Consnli</span> <span class='ocrx_word' id='word_1_267' title='bbox 1012 3270 1140 3346; x_wconf 87' lang='lat' dir='ltr'>inscripta</span> <span class='ocrx_word' id='word_1_268' title='bbox 1151 3270 1183 3330; x_wconf 87' lang='lat' dir='ltr'>sit</span> <span class='ocrx_word' id='word_1_269' title='bbox 1194 3292 1219 3327; x_wconf 90' lang='lat' dir='ltr'>v.</span> <span class='ocrx_word' id='word_1_270' title='bbox 1234 3289 1262 3345; x_wconf 83' lang='lat'>3.</span> <span class='ocrx_word' id='word_1_271' title='bbox 1277 3290 1321 3329; x_wconf 68' lang='lat' dir='ltr'>rrz</span> <span class='ocrx_word' id='word_1_272' title='bbox 1339 3290 1388 3337; x_wconf 83' lang='lat' dir='ltr'>ra,</span> 
     </span>
     <span class='ocr_line' id='line_1_30' title="bbox 409 3357 1386 3444; baseline -0.003 -26"><span class='ocrx_word' id='word_1_273' title='bbox 409 3361 477 3419; x_wconf 87' lang='lat' dir='ltr'>orbe</span> <span class='ocrx_word' id='word_1_274' title='bbox 486 3364 541 3438; x_wconf 89' lang='lat' dir='ltr'>jam</span> <span class='ocrx_word' id='word_1_275' title='bbox 553 3378 661 3444; x_wconf 86' lang='lat' dir='ltr'>pacato,</span> <span class='ocrx_word' id='word_1_276' title='bbox 672 3383 699 3420; x_wconf 92' lang='lat' dir='ltr'>v.</span> <span class='ocrx_word' id='word_1_277' title='bbox 714 3383 758 3441; x_wconf 86' lang='lat'>17.</span> <span class='ocrx_word' id='word_1_278' title='bbox 799 3362 848 3421; x_wconf 88' lang='lat' dir='ltr'>Cf.</span> <span class='ocrx_word' id='word_1_279' title='bbox 861 3358 1198 3442; x_wconf 68' lang='lat' dir='ltr'>ArgumilliuaEclogae,</span> <span class='ocrx_word' id='word_1_280' title='bbox 1217 3357 1265 3416; x_wconf 91' lang='lat' dir='ltr'>ubi</span> <span class='ocrx_word' id='word_1_281' title='bbox 1274 3358 1386 3416; x_wconf 85' lang='lat' dir='ltr'>etilsud</span> 
     </span>
     <span class='ocr_line' id='line_1_31' title="bbox 401 3448 1386 3522; baseline -0.005 -14"><span class='ocrx_word' id='word_1_282' title='bbox 401 3465 545 3515; x_wconf 73' lang='lat' dir='ltr'>motatum,</span> <span class='ocrx_word' id='word_1_283' title='bbox 566 3451 634 3506; x_wconf 87' lang='lat' dir='ltr'>male</span> <span class='ocrx_word' id='word_1_284' title='bbox 646 3452 743 3511; x_wconf 85' lang='lat' dir='ltr'>multos</span> <span class='ocrx_word' id='word_1_285' title='bbox 752 3450 887 3522; x_wconf 89' lang='lat' dir='ltr'>arbitrari,</span> <span class='ocrx_word' id='word_1_286' title='bbox 908 3448 1130 3509; x_wconf 86' lang='lat' dir='ltr'>Pollioni-silium</span> <span class='ocrx_word' id='word_1_287' title='bbox 1152 3464 1245 3507; x_wconf 87' lang='lat' dir='ltr'>natum</span> <span class='ocrx_word' id='word_1_288' title='bbox 1267 3451 1301 3506; x_wconf 82' lang='lat' dir='ltr'>&#39;eo</span> <span class='ocrx_word' id='word_1_289' title='bbox 1326 3466 1386 3506; x_wconf 87' lang='lat' dir='ltr'>car-</span> 
     </span>
     <span class='ocr_line' id='line_1_32' title="bbox 409 3530 1386 3620; baseline -0.003 -24"><span class='ocrx_word' id='word_1_290' title='bbox 409 3530 483 3598; x_wconf 78' lang='lat' dir='ltr'>mirre</span> <span class='ocrx_word' id='word_1_291' title='bbox 495 3544 604 3615; x_wconf 71' lang='lat' dir='ltr'>poetam</span> <span class='ocrx_word' id='word_1_292' title='bbox 614 3540 753 3620; x_wconf 83' lang='lat' dir='ltr'>gratulari.</span> <span class='ocrx_word' id='word_1_293' title='bbox 792 3540 944 3597; x_wconf 88' lang='lat' dir='ltr'>Secundum</span> <span class='ocrx_word' id='word_1_294' title='bbox 956 3539 1005 3597; x_wconf 78' lang='lat' dir='ltr'>hos</span> <span class='ocrx_word' id='word_1_295' title='bbox 1018 3538 1201 3615; x_wconf 86' lang='lat' dir='ltr'>Hieronymus</span> <span class='ocrx_word' id='word_1_296' title='bbox 1209 3537 1315 3597; x_wconf 87' lang='lat' dir='ltr'>Chron.</span> <span class='ocrx_word' id='word_1_297' title='bbox 1325 3535 1386 3593; x_wconf 45' lang='lat' dir='ltr'>,Eu-</span> 
     </span>
     <span class='ocr_line' id='line_1_33' title="bbox 405 3625 1390 3708; baseline 0.001 -24"><span class='ocrx_word' id='word_1_298' title='bbox 405 3625 467 3684; x_wconf 80' lang='lat' dir='ltr'>seb.</span> <span class='ocrx_word' id='word_1_299' title='bbox 478 3628 639 3686; x_wconf 83' lang='lat' dir='ltr'>MMXXX</span> <span class='ocrx_word' id='word_1_300' title='bbox 653 3629 742 3688; x_wconf 87' lang='lat' dir='ltr'>dixit:</span> <span class='ocrx_word' id='word_1_301' title='bbox 764 3633 798 3689; x_wconf 89' lang='lat' dir='ltr'>C.</span> <span class='ocrx_word' id='word_1_302' title='bbox 811 3633 911 3708; x_wconf 82' lang='lat' dir='ltr'>Afinius</span> <span class='ocrx_word' id='word_1_303' title='bbox 925 3629 1028 3697; x_wconf 80' lang='lat' dir='ltr'>Gallus,</span> <span class='ocrx_word' id='word_1_304' title='bbox 1048 3631 1157 3697; x_wconf 83' lang='lat' dir='ltr'>Orator,</span> <span class='ocrx_word' id='word_1_305' title='bbox 1177 3629 1260 3704; x_wconf 81' lang='lat' dir='ltr'>Aſsair’</span> <span class='ocrx_word' id='word_1_306' title='bbox 1269 3627 1390 3691; x_wconf 68' lang='lat' dir='ltr'>Pollionis</span> 
     </span>
     <span class='ocr_line' id='line_1_34' title="bbox 401 3712 1387 3797; baseline 0.004 -27"><span class='ocrx_word' id='word_1_307' title='bbox 401 3714 488 3794; x_wconf 76' lang='lat' dir='ltr'>filius,</span> <span class='ocrx_word' id='word_1_308' title='bbox 505 3719 581 3797; x_wconf 81' lang='lat' dir='ltr'>cujus</span> <span class='ocrx_word' id='word_1_309' title='bbox 590 3717 672 3778; x_wconf 87' lang='lat' dir='ltr'>etiam</span> <span class='ocrx_word' id='word_1_310' title='bbox 682 3717 819 3797; x_wconf 74' lang='lat' dir='ltr'>VIrgilius</span> <span class='ocrx_word' id='word_1_311' title='bbox 830 3718 966 3787; x_wconf 85' lang='lat' dir='ltr'>meminit,</span> <span class='ocrx_word' id='word_1_312' title='bbox 983 3720 1044 3776; x_wconf 81' lang='lat' dir='ltr'>diris</span> <span class='ocrx_word' id='word_1_313' title='bbox 1056 3742 1074 3780; x_wconf 84' lang='lat' dir='ltr'>a</span> <span class='ocrx_word' id='word_1_314' title='bbox 1089 3712 1319 3792; x_wconf 69' lang='lat' dir='ltr'>siberiosuppliciis</span> <span class='ocrx_word' id='word_1_315' title='bbox 1330 3738 1387 3773; x_wconf 83' lang='lat' dir='ltr'>ene·</span> 
     </span>
     <span class='ocr_line' id='line_1_35' title="bbox 410 3818 969 3865; baseline -0.007 0"><span class='ocrx_word' id='word_1_316' title='bbox 410 3818 495 3865; x_wconf 82' lang='lat' dir='ltr'>tatur.</span> <span class='ocrx_word' id='word_1_317' title='bbox 964 3837 969 3843; x_wconf 86' lang='lat'><em>-</em></span> 
     </span>
    </p>

    <p class='ocr_par' dir='ltr' id='par_1_3' title="bbox 363 3894 1442 4427">
     <span class='ocr_line' id='line_1_36' title="bbox 449 3894 1388 3973; baseline 0.005 -23"><span class='ocrx_word' id='word_1_318' title='bbox 449 3894 517 3953; x_wconf 91' lang='lat' dir='ltr'>Non</span> <span class='ocrx_word' id='word_1_319' title='bbox 530 3896 612 3957; x_wconf 89' lang='lat' dir='ltr'>modo</span> <span class='ocrx_word' id='word_1_320' title='bbox 620 3896 817 3967; x_wconf 80' lang='lat' dir='ltr'>Brundisinam,</span> <span class='ocrx_word' id='word_1_321' title='bbox 836 3896 1021 3958; x_wconf 87' lang='lat' dir='ltr'>verumetiam</span> <span class='ocrx_word' id='word_1_322' title='bbox 1035 3896 1218 3965; x_wconf 84' lang='lat' dir='ltr'>Puteolanam,</span> <span class='ocrx_word' id='word_1_323' title='bbox 1228 3913 1324 3973; x_wconf 89' lang='lat' dir='ltr'>pacem</span> <span class='ocrx_word' id='word_1_324' title='bbox 1328 3894 1388 3971; x_wconf 83' lang='lat' dir='ltr'>jam</span> 
     </span>
     <span class='ocr_line' id='line_1_37' title="bbox 403 3985 1390 4063; baseline 0.003 -23"><span class='ocrx_word' id='word_1_325' title='bbox 403 3995 469 4040; x_wconf 44' lang='lat' dir='ltr'>*turn</span> <span class='ocrx_word' id='word_1_326' title='bbox 491 3985 642 4044; x_wconf 74' lang='lat' dir='ltr'>confediam</span> <span class='ocrx_word' id='word_1_327' title='bbox 656 3986 745 4056; x_wconf 81' lang='lat' dir='ltr'>fuisse,</span> <span class='ocrx_word' id='word_1_328' title='bbox 765 4008 827 4045; x_wconf 85' lang='lat' dir='ltr'>cum</span> <span class='ocrx_word' id='word_1_329' title='bbox 849 4007 880 4044; x_wconf 88' lang='lat' dir='ltr'>ea</span> <span class='ocrx_word' id='word_1_330' title='bbox 903 3988 1007 4063; x_wconf 84' lang='lat' dir='ltr'>Ecloga</span> <span class='ocrx_word' id='word_1_331' title='bbox 1021 3986 1193 4054; x_wconf 85' lang='lat' dir='ltr'>scriberetur,</span> <span class='ocrx_word' id='word_1_332' title='bbox 1212 3986 1390 4053; x_wconf 77' lang='lat' dir='ltr'>Ruaeuecum</span> 
     </span>
     <span class='ocr_line' id='line_1_38' title="bbox 410 4071 1388 4153; baseline 0 -22"><span class='ocrx_word' id='word_1_333' title='bbox 410 4073 473 4134; x_wconf 84' lang='lat' dir='ltr'>aliis</span> <span class='ocrx_word' id='word_1_334' title='bbox 484 4089 623 4143; x_wconf 89' lang='lat' dir='ltr'>memorat,</span> <span class='ocrx_word' id='word_1_335' title='bbox 642 4090 673 4131; x_wconf 90' lang='lat' dir='ltr'>ut</span> <span class='ocrx_word' id='word_1_336' title='bbox 686 4096 745 4136; x_wconf 90' lang='lat' dir='ltr'>vere</span> <span class='ocrx_word' id='word_1_337' title='bbox 763 4091 836 4145; x_wconf 87' lang='lat' dir='ltr'>totus</span> <span class='ocrx_word' id='word_1_338' title='bbox 848 4075 920 4134; x_wconf 89' lang='lat' dir='ltr'>orbis</span> <span class='ocrx_word' id='word_1_339' title='bbox 932 4092 1043 4152; x_wconf 77' lang='lat' dir='ltr'>pacatus</span> <span class='ocrx_word' id='word_1_340' title='bbox 1059 4076 1146 4135; x_wconf 89' lang='lat' dir='ltr'>videri</span> <span class='ocrx_word' id='word_1_341' title='bbox 1159 4076 1250 4153; x_wconf 78' lang='lat' dir='ltr'>posset.</span> <span class='ocrx_word' id='word_1_342' title='bbox 1284 4071 1388 4131; x_wconf 81' lang='lat' dir='ltr'>Enim·</span> 
     </span>
     <span class='ocr_line' id='line_1_39' title="bbox 363 4163 1442 4245; baseline -0.001 -22"><span class='ocrx_word' id='word_1_343' title='bbox 363 4192 365 4195; x_wconf 50' lang='lat'><strong>⁴</strong></span> <span class='ocrx_word' id='word_1_344' title='bbox 403 4185 476 4224; x_wconf 59' lang='lat' dir='ltr'>vuero</span> <span class='ocrx_word' id='word_1_345' title='bbox 489 4186 543 4234; x_wconf 82' lang='lat' dir='ltr'>non</span> <span class='ocrx_word' id='word_1_346' title='bbox 557 4164 605 4223; x_wconf 87' lang='lat' dir='ltr'>nifi</span> <span class='ocrx_word' id='word_1_347' title='bbox 616 4166 726 4226; x_wconf 79' lang='lat' dir='ltr'>Ineunte</span> <span class='ocrx_word' id='word_1_348' title='bbox 735 4188 804 4225; x_wconf 88' lang='lat' dir='ltr'>anno</span> <span class='ocrx_word' id='word_1_349' title='bbox 815 4165 945 4245; x_wconf 89' lang='lat' dir='ltr'>sequenti,</span> <span class='ocrx_word' id='word_1_350' title='bbox 965 4163 1389 4243; x_wconf 72' lang='lat' dir='ltr'>curnPolliojamdudtrmCon·</span> <span class='ocrx_word' id='word_1_351' title='bbox 1440 4187 1442 4191; x_wconf 92' lang='lat'>·</span> 
     </span>
     <span class='ocr_line' id='line_1_40' title="bbox 410 4253 1391 4336; baseline -0.004 -22"><span class='ocrx_word' id='word_1_352' title='bbox 410 4257 498 4317; x_wconf 87' lang='lat' dir='ltr'>sulatu</span> <span class='ocrx_word' id='word_1_353' title='bbox 510 4258 622 4325; x_wconf 85' lang='lat' dir='ltr'>abierat,</span> <span class='ocrx_word' id='word_1_354' title='bbox 641 4258 687 4318; x_wconf 86' lang='lat' dir='ltr'>illa</span> <span class='ocrx_word' id='word_1_355' title='bbox 699 4277 751 4335; x_wconf 85' lang='lat' dir='ltr'>pax</span> <span class='ocrx_word' id='word_1_356' title='bbox 770 4260 806 4316; x_wconf 86' lang='lat' dir='ltr'>est</span> <span class='ocrx_word' id='word_1_357' title='bbox 819 4259 977 4336; x_wconf 78' lang='lat' dir='ltr'>composita,</span> <span class='ocrx_word' id='word_1_358' title='bbox 1001 4281 1063 4320; x_wconf 92' lang='lat' dir='ltr'>curn</span> <span class='ocrx_word' id='word_1_359' title='bbox 1086 4257 1176 4319; x_wconf 85' lang='lat' dir='ltr'>Caesar</span> <span class='ocrx_word' id='word_1_360' title='bbox 1195 4273 1223 4315; x_wconf 86' lang='lat' dir='ltr'>et</span> <span class='ocrx_word' id='word_1_361' title='bbox 1248 4253 1391 4314; x_wconf 75' lang='lat' dir='ltr'>Antonius</span> 
     </span>
     <span class='ocr_line' id='line_1_41' title="bbox 411 4345 1385 4427; baseline -0.008 -17"><span class='ocrx_word' id='word_1_362' title='bbox 411 4346 570 4425; x_wconf 78' lang='lat' dir='ltr'>Pompeium</span> <span class='ocrx_word' id='word_1_363' title='bbox 589 4348 659 4427; x_wconf 92' lang='lat' dir='ltr'>apud</span> <span class='ocrx_word' id='word_1_364' title='bbox 677 4347 813 4407; x_wconf 87' lang='lat' dir='ltr'>Misenum</span> <span class='ocrx_word' id='word_1_365' title='bbox 834 4345 1330 4419; x_wconf 48' lang='lat' dir='ltr'>convenissent,,vidsDioXLVIIL</span> <span class='ocrx_word' id='word_1_366' title='bbox 1343 4362 1385 4419; x_wconf 67' lang='lat'>31</span> 
     </span>
    </p>
   </div>
   <div class='ocr_carea' id='block_1_3' title="bbox 408 4438 1486 4518">
    <p class='ocr_par' dir='ltr' id='par_1_4' title="bbox 408 4438 1486 4518">
     <span class='ocr_line' id='line_1_42' title="bbox 408 4438 1486 4518; baseline 0.002 -24"><span class='ocrx_word' id='word_1_367' title='bbox 408 4452 481 4495; x_wconf 78' lang='lat' dir='ltr'>extr.</span> <span class='ocrx_word' id='word_1_368' title='bbox 495 4443 542 4514; x_wconf 83' lang='lat'>36.</span> <span class='ocrx_word' id='word_1_369' title='bbox 582 4438 657 4497; x_wconf 88' lang='lat' dir='ltr'>Nam</span> <span class='ocrx_word' id='word_1_370' title='bbox 669 4440 810 4517; x_wconf 84' lang='lat' dir='ltr'>Appianas</span> <span class='ocrx_word' id='word_1_371' title='bbox 822 4454 975 4518; x_wconf 89' lang='lat' dir='ltr'>temporum</span> <span class='ocrx_word' id='word_1_372' title='bbox 988 4444 1112 4502; x_wconf 88' lang='lat' dir='ltr'>ordinem</span> <span class='ocrx_word' id='word_1_373' title='bbox 1122 4461 1175 4500; x_wconf 92' lang='lat' dir='ltr'>non</span> <span class='ocrx_word' id='word_1_374' title='bbox 1187 4438 1250 4500; x_wconf 88' lang='lat' dir='ltr'>satis</span> <span class='ocrx_word' id='word_1_375' title='bbox 1263 4451 1392 4499; x_wconf 82' lang='lat' dir='ltr'>accurate</span> <span class='ocrx_word' id='word_1_376' title='bbox 1484 4509 1486 4514; x_wconf 28' lang='grc' dir='ltr'>Ι</span> 
     </span>
    </p>
   </div>
   <div class='ocr_carea' id='block_1_4' title="bbox 387 4526 1393 4699">
    <p class='ocr_par' dir='ltr' id='par_1_5' title="bbox 387 4526 1393 4699">
     <span class='ocr_line' id='line_1_43' title="bbox 387 4526 1392 4625; baseline -0.008 -33"><span class='ocrx_word' id='word_1_377' title='bbox 387 4526 541 4615; x_wconf 78' lang='lat' dir='ltr'>sequitur,</span> <span class='ocrx_word' id='word_1_378' title='bbox 568 4548 631 4589; x_wconf 87' lang='lat' dir='ltr'>curn</span> <span class='ocrx_word' id='word_1_379' title='bbox 643 4527 731 4603; x_wconf 74' lang='lat' dir='ltr'>etiam</span> <span class='ocrx_word' id='word_1_380' title='bbox 747 4529 960 4625; x_wconf 25' lang='lat' dir='ltr'>&#39;postjstapap</span> <span class='ocrx_word' id='word_1_381' title='bbox 985 4552 1054 4616; x_wconf 77' lang='lat'>1135</span> <span class='ocrx_word' id='word_1_382' title='bbox 1079 4548 1150 4615; x_wconf 69' lang='lat' dir='ltr'>extr.</span> <span class='ocrx_word' id='word_1_383' title='bbox 1175 4552 1206 4595; x_wconf 88' lang='lat' dir='ltr'>ea</span> <span class='ocrx_word' id='word_1_384' title='bbox 1222 4547 1392 4608; x_wconf 77' lang='lat' dir='ltr'>commemo·</span> 
     </span>
     <span class='ocr_line' id='line_1_44' title="bbox 1324 4630 1393 4699; baseline -0.072 1"><span class='ocrx_word' id='word_1_385' title='bbox 1324 4630 1393 4699; x_wconf 53' lang='lat' dir='ltr'>We</span> 
     </span>
    </p>
   </div>
   <div class='ocr_carea' id='block_1_5' title="bbox 0 0 1810 5509">
    <p class='ocr_par' dir='ltr' id='par_1_6' title="bbox 0 0 1810 5509">
     <span class='ocr_line' id='line_1_45' title="bbox 0 0 1810 5509; baseline 0 0"><span class='ocrx_word' id='word_1_386' title='bbox 0 0 1810 5509; x_wconf 95' lang='lat' dir='ltr'> </span> 
     </span>
    </p>
   </div>
  </div>
 </body>
</html>
