3575 5509
546 657 930 746 aucorrca,
977 657 1122 732 acu.
1166 658 1229 732 ιν.
1330 632 1375 758 73

395 862 531 942 Hefiodo,
551 874 744 928 memorantur,
766 859 800 916 ad
813 878 845 916 ea
864 872 997 935 tempora,
1015 856 1044 913 in
1056 856 1154 934 quibus
1166 856 1235 915 hanc
1248 858 1376 935 eclogam

395 968 532 1034 scriberet,
552 982 580 1026 et
601 966 636 1024 ad
657 964 809 1045 splendidas
829 984 860 1021 ac
882 962 1042 1039 magnificas
1063 960 1130 1039 spes,
1149 983 1215 1040 quas
1234 963 1270 1020 de
1289 984 1375 1042 puero

396 1071 470 1130 circa
489 1072 527 1130 id·
539 1085 644 1147 tempus
663 1068 798 1127 nascituro
817 1079 995 1144 conceperant
1013 1065 1145 1134 homines,
1165 1067 1320 1125 transtulisse
1333 1066 1375 1125 vi-

396 1176 557 1234 deridebat.
597 1175 658 1249 Jam
672 1172 720 1249 qui
734 1172 780 1230 ille
791 1192 867 1248 puer,
886 1190 945 1246 quae
958 1169 1006 1227 illa
1018 1169 1074 1247 spes
1087 1169 1181 1238 fuerit,
1200 1171 1280 1228 facile
1299 1172 1376 1229 disin

382 1281 514 1357 uidetur,
535 1278 753 1356 quandoquidem
775 1277 903 1354 temporis
927 1290 1020 1334 notam
1051 1283 1131 1354 poeta
1158 1275 1212 1354 ipse
1234 1277 1375 1355 apposuit:

396 1384 436 1446 ita
454 1401 485 1443 ut
509 1385 681 1463 quaerendum
701 1384 784 1441 modo
800 1384 850 1441 elle
870 1382 1006 1451 videatur,
1026 1382 1137 1458 quinam
1156 1382 1210 1440 hoc
1230 1378 1277 1439 vel'
1291 1383 1376 1438 altero

396 1505 468 1546 anno
482 1486 585 1543 nobilis
597 1505 662 1562 puer
674 1499 749 1542 natus
761 1484 801 1543 lit.
843 1484 906 1543 Fuit
924 1505 1008 1542 annus
1029 1484 1067 1542 U.
1092 1485 1129 1542 C.
1151 1504 1219 1563 714,
1241 1486 1314 1542 Coss.
1338 1482 1375 1545 C.

396 1589 495 1649 Afinio
507 1587 627 1645 Pollione
644 1601 671 1643 et
687 1586 741 1645 Cn.
756 1585 883 1644 Domitio
898 1586 1028 1655 Calvino,
1048 1604 1077 1643 ut
1090 1605 1125 1643 ex
1136 1607 1162 1642 v.
1182 1608 1225 1646 rr.
1243 1606 1275 1647 12
1289 1603 1374 1666 patet.

396 1694 533 1761 annno,
552 1693 608 1771 pust
626 1694 752 1761 summos,
772 1711 806 1749 ne
826 1692 928 1751 bellum
946 1692 1030 1750 civile
1051 1692 1122 1749 inter
1144 1691 1325 1752 Odiavianum
1347 1707 1379 1754 et

396 1794 441 1853 M.
457 1794 622 1863 Antonium,
642 1795 744 1872 quiex
766 1796 828 1852 Alia
850 1815 913 1853 cum
937 1794 1025 1871 copiis
1048 1793 1076 1850 in
1096 1792 1204 1852 ltaliam
1224 1800 1375 1873 trajecerat,

396 1901 603 1970 recrudesceret,
623 1881 720 1969 metus,
747 1901 905 1959 Maecenatis
925 1919 952 1959 et
979 1899 1110 1957 Pollionis
1133 1919 1215 1976 opera
1236 1902 1378 1961 Brundusii

395 2021 449 2078 pax
462 2001 608 2078 composita
621 2000 686 2067 suit,
706 2002 782 2077 cujus
793 2001 864 2077 quad
878 2000 977 2078 pignus
990 1998 1118 2065 Odavia,
1138 1999 1281 2057 Orraviani
1292 2002 1378 2071 soror,

397 2104 522 2165 Antonio
536 2103 566 2162 in
579 2104 782 2160 matrimonium
797 2104 894 2161 tradita
907 2089 953 2161 dst.
994 2104 1059 2160 Erat
1070 2123 1101 2159 ea
1114 2122 1147 2160 ex
1159 2101 1250 2179 priore
1267 2104 1378 2171 marita,

398 2210 544 2279 Marcello,
563 2209 687 2287 gravida,
708 2209 739 2265 id
760 2208 834 2285 quod
859 2209 964 2268 disertis
984 2209 1074 2287 verbis
1094 2208 1152 2265 Dio
1167 2224 1307 2277 memorat,
1326 2209 1377 2268 lib.

400 2314 541 2382 XLVIII,
560 2334 585 2374 c.
601 2333 655 2388 31;
675 2312 808 2370 infantem
821 2326 911 2371 tamen
932 2312 1012 2373 illum
1035 2307 1080 2370 Μζ
1102 2313 1278 2381 Marcellum,
1297 2332 1379 2391 gene·

399 2438 459 2477 rum
474 2436 539 2474 mox
554 2416 681 2493 Augusti,
701 2416 736 2473 de
749 2435 804 2492 quo
816 2416 879 2477 AEn.
893 2416 936 2471 Vl
949 2417 1024 2474 locus
1036 2416 1136 2475 nobilis
1148 2418 1195 2482 est,
1215 2415 1303 2483 fuisse,
1321 2436 1379 2475 non

397 2540 461 2578 curn
479 2518 603 2586 Catroeo,
621 2518 670 2595 qui
690 2518 834 2576 subledlam
856 2518 926 2578 hanc
945 2519 1034 2577 Badio
1053 2520 1181 2577 Ascendo
1198 2519 1313 2597 aliisque
1334 2540 1378 2578 ra·

396 2625 498 2687 tionem
511 2640 647 2702 tamquam
659 2647 676 2688 a
687 2625 714 2683 se
728 2624 874 2701 profeciam
889 2625 1003 2683 mirifica
1016 2627 1134 2683 vanitate
1144 2627 1239 2702 jaciat,
1253 2626 1379 2684 decidere

396 2730 495 2797 ausim:
516 2730 576 2790 sunt
601 2733 685 2800 enim,
705 2753 764 2810 quae
786 2748 880 2790 contra
905 2733 1009 2791 moneri
1028 2736 1132 2811 poffint.
1174 2734 1238 2801 Sed,
1258 2740 1320 2791 cum
1344 2753 1378 2790 ea

397 2861 462 2918 pace
487 2840 644 2897 confirmata
670 2838 778 2895 tandem
805 2836 915 2914 publica
943 2838 1124 2914 tranquillitas
1149 2838 1296 2905 videretur,
1316 2837 1379 2895 saris

397 2944 540 3002 commode
553 2942 690 3020 Virgilius
706 2941 781 3048 hunc
795 2954 933 3017 tamquam
946 2940 1064 2997 fundum
1083 2940 1124 2997 sui
1143 2940 1272 2997 carminis
1291 2942 1381 3000 facere

397 3051 496 3127 potuit,
518 3064 548 3109 ut
570 3070 603 3107 ex
623 3071 656 3108 eo
684 3064 817 3127 tempore,
838 3069 926 3106 rerum
954 3048 1063 3106 fortuna
1085 3049 1115 3105 in
1143 3048 1239 3106 melius
1266 3064 1379 3118 murata,

397 3171 502 3211 auream
522 3166 627 3210 aetatem
645 3151 696 3207 esse
718 3148 878 3208 reversuram
906 3149 1021 3216 diceret,
1040 3169 1152 3224 eamque
1172 3149 1325 3206 sententiam
1346 3148 1383 3207 iia

397 3255 522 3313 omnibus
535 3268 687 3318 exornaret,
708 3274 795 3331 quaea
815 3252 906 3331 poetis
926 3253 960 3308 de
974 3251 1105 3308 felicitate
1126 3253 1182 3328 ejus
1203 3252 1287 3310 aetatis
1305 3273 1380 3309 corn-

397 3357 655 3419 memorarisolent.
697 3358 743 3415 An
764 3355 979 3413 saturnaliorum
999 3356 1057 3412 dies
1078 3357 1148 3413 inter
1167 3377 1198 3413 ea
1219 3375 1381 3414 commemo·
1464 3354 1468 3361 ’

400 3459 480 3518 randi
494 3461 556 3526 sint,
575 3460 672 3537 quibus
692 3467 772 3538 po'eta
794 3460 823 3518 in
847 3480 903 3518 rem
928 3460 1002 3517 suam
1020 3460 1079 3517 usus
1100 3460 1142 3527 stt,
1162 3461 1253 3537 paullo
1270 3461 1382 3539 longius

398 3567 532 3645 petitaest
548 3567 710 3641 conjeslura.
752 3567 904 3624 Ambitiose
923 3583 1011 3624 autem
1033 3583 1120 3645 poetae
1140 3583 1166 3623 et
1189 3566 1288 3641 cupide
1312 3566 1381 3624 vati·

398 3670 473 3729 cinia
486 3683 673 3746 argumentum
683 3670 833 3728 carminum
847 3670 964 3739 faciunt,
972 3690 1035 3729 cum
1048 3670 1118 3727 nihil
1131 3670 1164 3726 ad
1175 3670 1383 3731 enthusiasmum

398 3794 491 3832 eorum
512 3772 543 3829 lit
557 3771 643 3849 aptius
656 3787 682 3829 et
695 3775 942 3832 accommodatius:
956 3774 1037 3852 ‘quod
1059 3775 1150 3831 multis
1173 3774 1234 3831 sane
1253 3772 1383 3850 exemplis

397 3878 490 3939 doceri
504 3880 590 3955 possit,
611 3879 630 3936 fi
651 3878 681 3937 id
702 3900 773 3938 nunc
787 3895 919 3957 ageretur.
940 3881 979 3939 cf.
1005 3882 1104 3940 Horat.
1119 3882 1211 3947 Odl,
1227 3902 1270 3959 ις.
1311 3880 1381 3937 Haec

397 3978 519 4055 quidem,
540 4000 705 4056 quamquam
726 3965 929 4039 difficultatibus
943 4002 974 4040 ea
992 3983 1045 4039 suis
1066 3982 1185 4038 laborare
1198 3990 1251 4038 non
1271 3980 1382 4057 ignoro,

397 4080 466 4138 mihi
479 4083 607 4143 videntur
619 4105 682 4141 cum
698 4085 789 4161 aliqua
802 4086 856 4143 veri
872 4086 959 4164 specie
976 4086 1044 4144 dici.
1086 4086 1119 4143 In
1131 4086 1335 4144 difficultatibus
1347 4084 1384 4140 est

396 4184 521 4261 inprimis
543 4187 611 4254 hacc,
631 4189 707 4266 quod
725 4210 791 4268 puer
805 4211 838 4248 ex
853 4190 968 4248 Odavia
981 4191 1175 4269 suscipiendus,
1196 4212 1248 4247 non
1263 4207 1295 4242 ex
1312 4207 1384 4243 novo

397 4286 442 4348 sed
455 4307 489 4343 ex
503 4290 614 4366 pristino
629 4293 806 4356 matritnonio
820 4312 876 4357 erat
894 4296 1053 4355 nasciturus.
1067 4296 1142 4355 cons.
1157 4295 1253 4350 Vitam
1268 4287 1386 4367 Virgilii

395 4390 465 4456 ada.
482 4411 702 4469 7r4exeuntem‚

437 4497 529 4564 Aliam
542 4519 646 4587 ‚magnae
659 4504 853 4581 expectationis
866 4507 969 4585 prolem
983 4507 1070 4564 eidem
1090 4525 1162 4565 anno
1181 4498 1302 4581 affignari
1315 4497 1389 4575 posse

1257 4605 1393 4666 viderunt
