3575 5509
494 663 546 746 34
627 646 668 724 Ρ.
710 642 995 720 vrnurtn
1044 643 1338 731 Minonis

497 846 672 946 Qramvis
689 848 803 919 multa
819 850 907 921 meis
925 850 1035 921 exiret
1050 849 1195 922 vistima
1210 848 1340 947 saeptis,

494 980 643 1077 Pinguis
660 1000 696 1054 et
713 984 860 1079 ingratae
875 1004 1092 1078 premeretur
1105 985 1224 1057 caseus
1240 984 1334 1074 urbi,
1387 1009 1393 1020 ·
1422 1004 1468 1084 35

494 1114 579 1188 Non
606 1144 780 1217 umquam
805 1124 924 1217 gravis
942 1146 1019 1195 aere
1044 1121 1196 1196 domurn
1226 1120 1318 1193 mihi
1345 1121 1469 1214 dextra

585 1257 734 1330 redibat.

870 1414 1090 1464 notrannus.

463 1613 466 1618 ¹
491 1526 662 1618 Mirabar,
680 1530 766 1627 quid
785 1530 907 1601 maesla
923 1530 1019 1615 deos,
1036 1530 1224 1625 Amarylli,
1238 1529 1398 1615 vocaresa

488 1662 557 1735 Cui
573 1664 724 1759 pendere
742 1665 800 1735 sua
816 1664 980 1759 patereris
1000 1664 1036 1733 in
1053 1663 1178 1735 arbore
1194 1688 1314 1761 poma.
1360 1649 1363 1656 ¹

486 1792 630 1887 Tityrus
647 1794 731 1867 hinc
747 1797 877 1867 aberat.
929 1796 1021 1891 Ipsae
1038 1816 1082 1882 te,
1099 1796 1233 1891 Tityre,
1246 1799 1365 1893 pinus,

485 1926 555 2023 lpsr
574 1945 608 1998 te
626 1926 749 2014 sontes,
764 1928 839 2023 ipsa
854 1928 933 2000 haec
950 1928 1098 2016 arbusta,
1116 1927 1298 2001 vocabant.
1409 1949 1462 2020 40

897 2089 1074 2139 TITYRUS.

481 2200 582 2297 Quid
600 2201 774 2275 facerem?
793 2227 904 2300 neque
922 2203 1062 2275 servitio
1081 2226 1139 2274 me
1155 2203 1249 2274 exire
1266 2198 1412 2287 licebat,

480 2333 558 2407 Nec
575 2357 648 2409 tam
667 2334 850 2431 praesentis
865 2334 952 2405 alibi
966 2330 1178 2432 cognoscere
1193 2334 1309 2407 divos.
1420 2414 1424 2424 ,

510 2548 549 2595 34.
559 2536 642 2599 saepris.
676 2532 901 2596 Hancscripturam·
915 2532 941 2581 h.
963 2534 978 2579 1.
992 2532 1033 2581 vix
1051 2533 1099 2581 duo
1119 2535 1180 2598 Reg.
1199 2545 1224 2583 et
1241 2532 1346 2583 Mentel.
1365 2532 1392 2582 in
1406 2532 1459 2583 aliis

476 2610 535 2661 locis
556 2608 703 2673 antiquiores
721 2609 861 2671 agnoscunt.
902 2609 1021 2658 Nonnulli
1040 2610 1188 2673 distinguunt
1208 2610 1259 2676 post
1276 2615 1369 2679 pinguis,
1386 2622 1415 2660 ut
1427 2609 1455 2660 sat

475 2693 563 2756 visilano
570 2692 698 2753 pinguis,ut
709 2686 760 2734 Ecl.
773 2689 816 2743 Vl,
830 2704 853 2745 4.
885 2699 967 2735 erraret
978 2692 1065 2734 victima
1084 2688 1192 2736 Parthas.
1204 2689 1396 2751 Eum—37.
1410 2704 1454 2754 pre

474 2766 584 2828 Amarylb'
594 2761 624 2811 al.
638 2765 736 2820 Galatea,
746 2762 780 2811 ita
797 2762 865 2811 malit
886 2764 980 2822 Cerda3
995 2764 1061 2812 inani
1083 2764 1206 2829 allegoriae
1226 2765 1348 2814 servandae
1365 2763 1451 2814 studio.

473 2839 578 2901 -38.
593 2841 650 2888 mala
666 2840 768 2887 Roma
788 2855 825 2905 pr.
845 2853 986 2905 m.--39.
1005 2839 1092 2906 Tityrus
1109 2844 1156 2890 binc
1174 2842 1246 2889 aberat
1265 2844 1308 2907 ipse
1327 2839 1450 2908 Gutum·

472 2930 609 2983 perperam.

470 3135 499 3177 u
513 3042 937 3178 {sfefi'smiidiiissiiulif
983 3044 1456 3203 iiasn‘ii'ss's'listriiii'asf'uli‘

471 3196 566 3271 dusius
579 3197 738 3255 venderetur
750 3197 779 3254 in
794 3197 869 3263 urbe,
889 3211 937 3254 aut
982 3199 1020 3255 cf.
1036 3199 1138 3256 Mutet.
1155 3202 1200 3258 81.

467 3291 503 3329 eo
525 3274 729 3349 deportarentur
752 3293 767 3329 a
790 3293 833 3330 me
854 3273 935 3332 casei.
1022 3295 1068 3354 37.
1091 3273 1175 3332 Nunc
1199 3276 1229 3333 in
1255 3273 1376 3334 animum
1401 3274 1449 3333 fibi

469 3351 575 3427 Pinguis
588 3350 615 3405 h.
630 3350 649 3406 l.
663 3368 717 3405 non
731 3351 797 3405 bene
811 3350 844 3405 ad
858 3360 935 3407 vitti-
982 3365 1090 3409 revocat
1103 3371 1245 3410 moerorem
1258 3350 1447 3428 Amaryllidis,

468 3433 511 3482 nra'
523 3425 676 3492 referretur,
696 3445 778 3503 quum
798 3425 837 3482 ita
853 3430 934 3501 caseus
981 3430 1058 3503 cujus
1080 3430 1194 3486 caussam
1218 3428 1362 3507 ignorabat
1382 3437 1455 3487 tune·

467 3502 540 3557 nude
554 3501 668 3577 positum
691 3502 763 3570 esset,
785 3502 859 3577 quod
879 3503 934 3559 dis·
982 3504 1141 3573 Meliboeus,
1161 3525 1232 3579 nunc
1245 3504 1378 3564 facileaff
1406 3504 1447 3562 ui-

486 3578 559 3636 licet.
601 3576 708 3634 Habuit
730 3593 817 3635 autem
839 3578 932 3657 Virgi-
982 3597 1035 3640 tur.
1075 3581 1382 3640 Caeterurndefiderium
1422 3580 1446 3638 i.

465 3597 565 3713 lius'in
585 3653 676 3711 animo
691 3654 794 3711 Catuli.
809 3654 881 3723 XX,
899 3677 934 3715 ιο
981 3658 1035 3734 tyri
1050 3658 1166 3715 absentis
1183 3657 1250 3717 bene
1305 3659 1347 3716 ''ta
1358 3657 1446 3738 expri-

438 3752 540 3808 ···¹3
570 3734 618 3809 (al.
638 3730 763 3805 CXIV),
783 3731 802 3788 sr
822 3732 932 3810 quidem
982 3736 1049 3805 mit;
1069 3734 1143 3812 quod
1168 3754 1233 3793 vero
1269 3735 1367 3812 ubjicit
1390 3754 1443 3813 39:

464 3807 570 3867 Catulli
582 3808 745 3866 carmenest.
760 3809 865 3887 Georg.
877 3810 932 3876 ΙΠ,
980 3814 1051 3889 Ipsae
1068 3830 1103 3880 te,
1122 3812 1156 3869 T.
1176 3812 1223 3868 etsi
1243 3810 1364 3871 bucolici
1386 3829 1445 3870 car-

445 3903 530 3956 .400.
554 3887 630 3961 Qud
634 3890 754 3964 surgente
774 3890 813 3944 die
831 3887 932 3962 mulsere
980 3888 1061 3945 minis
1074 3902 1139 3945 nota
1151 3886 1238 3964 figura
1255 3890 1292 3946 est
1314 3887 1445 3966 (ficapud

461 3960 681 4040 horyquediurm's,
693 3962 928 4038 Notieprernunt3
978 3965 1099 4023 Theocr.
1118 3963 1175 4032 IV,
1199 3969 1254 4037 aa.)
1274 3964 1309 4023 ab
1331 3966 1384 4024 hoc
1404 3981 1445 4023 ta·

477 4042 526 4097 uad
524 4044 587 4119 jam
598 4038 702 4095 tenebris
718 4054 742 4096 et
750 4038 805 4113 sole
816 4043 929 4109 cadente,
976 4062 1037 4101 men
1047 4043 1120 4109 loco,
1134 4040 1231 4097 firuste
1237 4041 1345 4117 judico,
1357 4041 1445 4100 aliena

460 4062 514 4172 lab
542 4115 617 4173 lacem
648 4130 778 4189 exportans
809 4117 926 4184 calathis,
974 4120 1020 4177 est.
1059 4116 1284 4199 Qorsumenim
1295 4137 1367 4176 nunc
1379 4117 1445 4187 hoc,

459 4192 519 4250 adit
531 4191 631 4269 oppida
642 4193 732 4265 pastor.
771 4210 818 4269 35.
838 4203 926 4281 ingm-
973 4213 1036 4253 cum
1058 4196 1093 4253 de
1112 4193 1293 4271 Amaryllidis
1311 4194 1442 4254 desiderio

457 4286 504 4337 rae,
524 4268 598 4345 quod
610 4265 679 4322 nibil
690 4267 756 4325 inde
767 4287 872 4345 argenti
885 4290 927 4327 re·
973 4271 1124 4350 agebatur?
1411 4283 1414 4288 '

456 4346 551 4414 ferret,
565 4366 591 4402 v.
604 4342 658 4419 seq.
699 4343 865 4403 Burmannus
881 4346 925 4403 ni·
955 4397 957 4404 ,
1010 4350 1284 4427 41.Qidfarerem?
1298 4343 1442 4405 necessario

457 4422 509 4480 mis
528 4434 623 4499 argute
641 4419 772 4499 exponit:
803 4422 926 4481 Mantuae
972 4425 1042 4483 mihi
1069 4426 1187 4483 Romam
1217 4422 1444 4503 proficiscendum

444 4505 509 4579 jam
519 4522 567 4558 aaa
574 4513 674 4580 gratae,
688 4502 813 4578 ptstquam
824 4516 924 4580 occupa·
971 4517 1042 4577 crat,
1059 4503 1135 4565 nulla
1151 4499 1331 4583 Amaryllidis
1348 4516 1445 4649 Ἦ
