3575 5509
519 646 598 741 bu
632 649 906 739 carinula
940 650 1253 741 Buconica
1352 691 1375 765 9

404 851 492 939 Sunt
509 865 633 938 multae
659 881 775 960 partes
797 880 832 935 et
847 860 946 935 casus
963 862 1048 935 vitae
1064 863 1215 953 rusticae,
1238 889 1320 962 quae
1339 866 1379 940 in

318 976 321 990 ¹
401 986 475 1058 ailio
500 986 590 1059 forte
621 987 780 1058 carmine
814 984 966 1056 feliciter
989 984 1199 1058 adumbrata
1232 985 1379 1084 'placere
1439 1031 1442 1038 ·

402 1113 568 1209 possunt3
594 1108 653 1181 sed
671 1110 710 1179 in
725 1107 843 1178 nostro
860 1129 988 1202 genere
999 1121 1137 1179 tantum
1155 1133 1196 1180 ea
1218 1109 1379 1184 suntad.

401 1232 589 1321 mittenda,
614 1255 696 1328 quoe
709 1229 870 1315 otiosam,
887 1227 1057 1314 securam,
1072 1230 1220 1304 liberam
1243 1255 1278 1305 et
1297 1259 1379 1307 om.

403 1356 507 1428 nibus
533 1356 628 1430 curis
655 1351 808 1426 solutam
840 1350 1064 1447 negotiisque
1084 1377 1235 1426 vacuam
1267 1358 1380 1429 vitam

400 1480 573 1553 exhibere
608 1497 643 1551 et
657 1511 660 1516 ·
673 1476 844 1574 subjicere
876 1473 1030 1546 sensibus
1057 1476 1196 1549 nostris
1226 1478 1380 1573 poliunt,

402 1603 518 1700 qualis
539 1625 660 1705 eorum
681 1599 871 1671 hominum
896 1617 932 1671 et
947 1599 1037 1671 olim
1053 1598 1134 1687 fuit,
1148 1620 1185 1673 et
1198 1581 1323 1676 adhuc
1341 1604 1379 1676 in

402 1725 524 1822 paucis
541 1722 751 1822 quibusdam
766 1724 868 1795 terris
883 1723 944 1809 est,
968 1722 1032 1819 qui
1048 1724 1211 1799 nondum
1233 1728 1270 1798 in
1286 1730 1380 1801 civi-

401 1868 489 1922 tates
516 1848 648 1921 redacti
672 1866 733 1918 aut
757 1844 902 1940 imperii
928 1845 1047 1939 aliqua
1071 1845 1185 1918 forma
1211 1849 1381 1947 descripti

399 1967 501 2042 sunt:
528 1968 604 2063 Qi
621 1966 785 2038 homines
802 1988 887 2036 cum
913 1981 974 2035 aut
998 1967 1185 2037 venatione
1212 1988 1272 2041 aut
1297 1974 1381 2067 pas.

399 2093 498 2192 tione
510 2090 648 2159 vidium
665 2103 837 2183 quaerant,
862 2110 945 2157 nam
962 2110 1047 2158 curn
1062 2090 1218 2162 aratione
1228 2110 1264 2164 et
1277 2120 1381 2195 mag.

403 2240 467 2289 nos
499 2216 688 2287 hominum
721 2231 836 2285 coetus
865 2213 947 2310 cogi
981 2232 1016 2286 et
1034 2217 1193 2288 naturali
1222 2218 1382 2295 libertate

402 2339 633 2429 exuinecelse
653 2338 713 2425 est,
738 2361 894 2434 cumque
909 2337 1062 2409 'venatio
1087 2340 1243 2414 multum
1260 2343 1381 2417 ferita.

401 2466 445 2536 tis
461 2464 609 2547 habeat3
634 2486 770 2549 eorum,
795 2462 858 2558 qui
875 2442 1055 2559 gregibus¹
1066 2461 1249 2559 pascendis
1266 2466 1380 2541 libere

400 2610 465 2685 per
492 2589 593 2660 s1lvas
612 2585 828 2683 camposque
851 2604 1037 2682 vagantur,
1062 2586 1192 2657 vitaer
1216 2590 1379 2663 minimis

400 2710 507 2816 malis,
520 2710 655 2782 laborat
670 2726 705 2781 et
729 2708 897 2779 maximis
920 2707 1158 2805 plurimisque
1184 2712 1287 2786 bonis
1313 2741 1379 2789 cu-

397 2836 533 2907 mulata
549 2834 609 2908 est.
663 2830 893 2905 Intrablando
919 2830 1038 2926 itaque
1064 2834 1247 2927 pastoritio
1269 2863 1380 2936 argu-
1435 2825 1438 2832 ¹

399 2980 523 3035 mento
554 2958 671 3057 poe'tae
703 2952 891 3031 necessario
920 2957 971 3028 ita
997 2957 1206 3030 versandum
1239 2963 1315 3050 erit,
1339 2971 1380 3036 ut

398 3088 531 3185 partim
546 3085 729 3182 pastorum
754 3082 824 3155 suae
851 3081 968 3179 gentis
994 3081 1236 3153 conditionem
1265 3084 1380 3171 malis,

399 3208 668 3305 quibuscunque
680 3205 867 3303 premitur,
890 3203 1109 3302 cogitatione
1126 3203 1261 3291 liberet,
1285 3204 1380 3279 bona

398 3348 519 3403 autem
534 3330 656 3402 omnia
668 3328 791 3425 passim
807 3328 846 3399 in
867 3353 908 3401 ea
922 3328 1029 3399 obvia
1043 3344 1077 3398 et
1093 3324 1224 3423 majora
1241 3327 1382 3418 efficiat,

399 3473 435 3527 et
455 3457 491 3527 in
508 3478 619 3527 unum
635 3454 799 3551 congesta
815 3453 864 3525 ita
880 3455 1040 3553 fingendi
1056 3453 1200 3526 licentia
1220 3474 1379 3545 exornet,

399 3597 440 3651 ut
475 3577 781 3652 cumulatissimum
814 3576 984 3650 felicitate
1013 3578 1127 3649 vitam
1163 3575 1378 3662 adumbret;

398 3702 532 3800 partim
551 3700 595 3772 ad
613 3699 746 3771 fabulas
762 3700 807 3771 de
822 3702 1024 3796 primorum
1047 3699 1237 3801 hominum
1252 3702 1325 3774 vita
1342 3719 1379 3773 et

398 3844 503 3900 aetate
519 3853 633 3915 aurea,
657 3851 722 3899 nec
746 3852 817 3925 non
842 3828 887 3900 ad
905 3827 1122 3928 narrationes
1140 3826 1209 3898 five
1233 3828 1278 3899 de
1299 3852 1378 3899 ma-

391 3952 515 4047 jorum
532 3955 616 4042 vita,
641 3975 832 4050 antequam
858 3980 923 4051 per
944 3955 1041 4027 vicos
1066 3973 1100 4026 et
1116 3956 1219 4059 urbes
1236 3954 1377 4025 habita-

396 4095 489 4165 runt,
514 4077 586 4150 srve
604 4081 648 4151 de
675 4082 892 4177 populorum
914 4080 1124 4154 Nomadum
1139 4079 1380 4176 pastoritiam-

396 4225 467 4296 que
483 4202 595 4275 vitam
623 4181 806 4302 agentium
833 4207 993 4279 moribus
1010 4223 1046 4278 et
1062 4200 1232 4277 institutis
1249 4200 1379 4274 consu-

329 4384 332 4394 .
393 4324 473 4422 giat
490 4342 525 4396 et
541 4326 623 4400 hinc
653 4325 715 4398 suo
730 4347 942 4424 argumento
957 4327 1093 4399 colores
1109 4341 1219 4421 petat.

446 4449 529 4542 Jam
560 4468 633 4521 non
665 4476 797 4547 magna
821 4450 954 4549 judicii
997 4448 1192 4522 subtilitate
1217 4442 1379 4538 indigere

431 4570 437 4581 '
1237 4568 1378 4641 videtur
