3575 5509
637 656 724 742 DE
772 629 1149 776 VIRGILIQj
1203 698 1206 704 ·
1262 675 1374 739 ccxxi

393 852 508 950 Felix,
525 862 586 959 qui
598 861 686 934 viles
696 862 820 959 pomis
837 864 1004 936 mercaris
1020 865 1178 938 amores!

444 989 541 1061 Huic
560 988 646 1060 licet
663 988 812 1083 ingratae
829 986 976 1081 Tityrus
993 988 1068 1083 ipse
1084 1003 1199 1061 canat.
1216 988 1220 999 '

395 1112 507 1201 Felix,
524 1111 699 1184 intactum
717 1110 884 1203 Corydon
902 1111 965 1206 qui
979 1130 1093 1184 tentat
1107 1113 1238 1186 Alexin

441 1236 627 1335 Agricolae
644 1233 785 1305 domini
802 1258 944 1330 carpere
958 1235 1129 1309 delicias?

394 1357 572 1461 Qamvis
590 1358 649 1430 ille
662 1356 759 1432 suam
775 1357 876 1432 lalius
892 1358 1083 1456 requiescit
1099 1381 1266 1431 avenam:
1360 1338 1363 1344 ¹

446 1482 627 1555 Laudatur
643 1481 764 1553 faciles
775 1482 867 1553 inter
882 1482 1165 1579 Hamadryadas.

395 1607 457 1679 Tu
472 1607 567 1677 canis
584 1603 718 1676 Ascraei
735 1604 859 1677 veteris
873 1626 1056 1703 praecepta
1071 1606 1201 1703 poe‘tae,

446 1730 530 1829 Qo
540 1728 633 1828 seges
651 1731 689 1802 in
701 1754 842 1827 campa,
858 1755 931 1828 quo
947 1734 1037 1807 viret
1054 1734 1163 1807 herba
1173 1737 1278 1834 jugo.

395 1852 485 1926 Tale
501 1853 588 1928 facis
604 1878 748 1926 carmen
764 1856 869 1927 dosia
885 1856 1071 1943 testudine,
1086 1860 1190 1953 quale

444 1978 620 2072 Cynthius
637 1967 812 2073 impositis
830 1994 1006 2075 temperat
1019 1973 1191 2054 articulis.

373 2106 375 2112 ’
421 2165 955 2265 massmannus-La.
987 2167 1035 2256 x,
1069 2188 1139 2266 cap.
1163 2194 1195 2259 1,
1227 2173 1255 2260 s.
1291 2176 1368 2268 85.-

446 2302 549 2374 Idem
568 2301 672 2375 nobis
697 2325 762 2400 per
772 2302 960 2377 -Romanos
977 2326 1122 2401 quoque
1134 2307 1268 2378 adores
1285 2308 1374 2381 ordo

390 2423 576 2501 ducendus
593 2428 653 2500 est.
704 2427 829 2524 Itaque
845 2445 885 2500 ut
901 2426 996 2525 apud
1013 2426 1094 2498 illos
1108 2426 1301 2517 Homerus,
1325 2428 1372 2502 fic

394 2551 490 2650 apud
506 2574 569 2623 nos
582 2550 766 2647 Virgilius,
786 2542 1102 2644 auspicatiffimum
1118 2538 1256 2621 dederit
1272 2568 1374 2624 exor-

395 2674 519 2747 dium:
545 2677 707 2747 omnium
719 2674 792 2773 ejus
803 2675 942 2773 generis
958 2674 1146 2770 po'e‘tarum
1159 2674 1372 2748 Graecorum

396 2799 665 2893 nostrorumque
695 2797 748 2868 illi
773 2797 867 2869 haud
892 2796 1001 2868 dubie
1029 2797 1227 2891 proximus.
1279 2797 1376 2901 Utar,
1500 2878 1503 2883 ,

395 2922 492 2995 'enim
509 2914 624 2993 verbis
642 2919 779 3007 iisdem,
795 2941 876 3015 quoe
893 2919 938 2989 ab
954 2917 1046 2989 Afro
1057 2916 1374 3013 Domitiojuvenis

394 3045 531 3140 accepi,
548 3045 610 3139 qui
628 3042 718 3113 mihi
735 3041 979 3138 interroganti,
990 3064 1096 3135 quem
1114 3039 1280 3111 Homero
1297 3065 1375 3111 cre-

395 3170 496 3241 deret
511 3169 670 3239 maxime
685 3164 863 3252 accedere,
881 3163 1074 3250 Secundus,
1091 3163 1218 3259 inquit,
1231 3163 1280 3233 est
1293 3162 1376 3233 Vir-

395 3295 523 3391 gilios;
549 3291 695 3388 propior
721 3308 840 3363 tamen
865 3289 996 3387 prim0,
1023 3311 1131 3383 quam
1156 3281 1299 3360 tertio·
1326 3287 1375 3361 Et

397 3421 525 3504 hercle,
540 3438 580 3491 ut
598 3418 651 3492 illi
663 3432 797 3486 naturae
815 3409 946 3485 eaelesti
962 3428 1068 3507 atque
1086 3410 1283 3481 immortali
1300 3411 1376 3482 ces-

398 3542 559 3628 serimus,
570 3542 619 3614 ita
635 3560 730 3611 curae
744 3554 779 3605 et
794 3530 994 3628 diligentiae
1007 3534 1061 3603 vel
1075 3533 1156 3605 ideo
1167 3534 1203 3603 in
1214 3534 1281 3606 hoc
1294 3536 1373 3629 plus

398 3668 458 3755 est,
482 3657 578 3760 quod
595 3661 714 3735 ei'fuit
731 3656 845 3755 magis
863 3657 1115 3741 laborandum;
1140 3676 1175 3729 et
1200 3676 1375 3753 quantum

395 3788 692 3862 eminentioribus
710 3781 898 3868 vincimur,
915 3778 1052 3851 fortaffe
1069 3778 1271 3874 aequalitate
1284 3804 1374 3875 pen.
1460 3797 1465 3810 ·

397 3913 524 3985 samus.
579 3905 709 3981 Caeteri
726 3930 850 3979 omnes
864 3907 969 4000 longe
986 3902 1185 3999 sequuntur.

606 4098 974 4174 ANTHOLOG.
1015 4099 1059 4188 V,
1101 4122 1159 4193 74.

396 4251 458 4313 Kal
471 4249 557 4323 Φίλος
572 4240 733 4337 Αὐσονίοισι
751 4245 902 4332 λιγύὶςοος
917 4236 1020 4333 ἔπρεπε
1038 4245 1142 4317 κύκνος

397 4376 508 4441 Πνείων
526 4367 639 4449 edraim
656 4373 828 4459 Βιργίλλιος·
843 4368 872 4436 i'v
888 4394 962 4436 ποτε
976 4366 1086 4451 Ῥώμης

396 4497 550 4589 &upupae
566 4490 657 4562 silla
669 4490 799 4585 Ὅμηρον
811 4491 955 4584 ἐνέτρεψε
972 4498 1106 4584 πατρίδος
1122 4496 1202 4577 a’xu'.
1280 4513 1283 4521 '

839 4637 842 4642 ’
1162 4625 1378 4740 sannas
