3575 5509
258 2362 266 2397 Ι

426 719 542 781 cren
595 691 636 771 r.
655 678 875 767 ttamen
893 616 1129 762 mnnours
1147 674 1272 756 vrrs

428 900 648 966 exercitationem
657 911 715 957 non
728 884 840 953 obscure
851 880 960 971 prodit;
981 890 1016 947 est
1029 887 1103 947 enim
1115 906 1149 946 ex
1157 879 1417 962 ‘lheocriteisldyis

428 992 473 1053 llis
485 991 529 1048 IV
539 1004 566 1046 et
579 987 608 1042 V
621 986 702 1045 unice
711 981 839 1043 conuersa
849 994 894 1037 aut
907 978 1074 1035 adumbrata.
1198 998 1201 1005 ¹

465 1077 540 1156 Julio
553 1067 654 1133 Catari
666 1057 818 1150 Virgilium
838 1068 982 1127 innotuisse
994 1082 1022 1123 et
1035 1086 1128 1124 curum
1141 1065 1229 1135 fuisse,
1248 1085 1282 1123 ex
1295 1065 1356 1122 Ecl.
1371 1062 1415 1131 V,

430 1189 467 1249 52
485 1176 587 1225 amavit
610 1187 650 1221 nos
671 1183 761 1241 quoque
782 1157 912 1235 Daphnis,
929 1155 1096 1212 contendunt
1103 1180 1113 1223 3
1146 1153 1320 1231 Daphnidem
1340 1151 1415 1209 enirn
1459 1150 1462 1156 ’

429 1257 535 1335 Julium
549 1252 678 1311 Caesarem
692 1248 741 1305 elle
754 1248 859 1304 volunt.
871 1244 910 1301 cf.
922 1242 993 1300 ibid.
1008 1257 1171 1320 argument„
1185 1243 1254 1299 item·
1261 1241 1418 1305 Martinam

431 1346 462 1403 in
475 1344 544 1401 Vita
557 1339 660 1417 virgil.
674 1357 701 1414 p.
718 1333 867 1399 XXXIV,
878 1346 906 1388 et
916 1332 952 1387 ad
964 1326 1023 1387 Ecl.
1036 1330 1075 1396 V,
1090 1352 1136 1408 52·
1174 1327 1253 1386 Idem
1266 1328 1309 1386 vir
1320 1331 1418 1386 dusius

432 1433 536 1491 versum
549 1430 626 1487 illum
635 1427 670 1484 ad
683 1422 801 1499 studium
815 1418 927 1479 Calatis
940 1418 970 1475 irt
981 1418 1148 1475 Mantuanos
1160 1416 1418 1495 referebat,quibus,

344 1546 349 1554 ·
433 1541 497 1581 cum
511 1517 612 1578 cacteris
625 1513 729 1571 Gallia
737 1508 939 1588 Transpadana
951 1505 1073 1574 urbibus,
1086 1506 1225 1601 civitatem
1243 1526 1305 1563 eum
1317 1506 1419 1563 dedisse
1437 1524 1443 1537 ·

435 1621 567 1669 memorat
579 1604 637 1661 Dio
654 1598 736 1668 XLI,
748 1602 794 1674 36.

477 1695 583 1773 Lepida
598 1687 849 1747 Grammaticorum
870 1684 962 1742 sabula
981 1684 1016 1739 est
1029 1684 1063 1740 de
1076 1677 1180 1761 Ecloga
1192 1678 1266 1742 sexta
1285 1694 1313 1741 in
1325 1682 1423 1743 theat-ro

438 1812 457 1846 a
464 1787 598 1864 Cytheride
607 1791 682 1839 mima
689 1794 808 1845 cantara,
816 1796 896 1854 quam
906 1794 968 1831 cum
981 1774 1082 1830 Cicero
1090 1774 1208 1841 audiret,
1216 1792 1343 1852 magnam
1354 1772 1422 1830 Vir·

437 1875 503 1955 gilii
518 1876 617 1932 famam
626 1867 772 1948 praesagisse
785 1868 880 1925 fertur.
896 1887 923 1922 v.
939 1866 1040 1921 Donat.
1055 1864 1079 1940 q.
1093 1884 1140 1929 41·

481 1962 547 2020 Hoc
559 1979 631 2018 anno
643 1958 678 2014 ad
692 1956 766 2012 XIII
780 1957 843 2014 Kal.
859 1954 950 2031 April.
978 1951 1054 2029 (XX
1069 1952 1182 2027 Martii)
1205 1951 1323 2010 Ovidius
1339 1965 1426 2011 ⁴natus

441 2052 494 2121 ὥς
526 2068 575 2108 nec
600 2046 686 2105 multo
710 2057 773 2102 ante
801 2041 970 2121 Propertius3
1005 2040 1134 2099 Tibullus
1164 2055 1254 2099 autem
1280 2042 1338 2117 jam
1360 2056 1425 2101 ante

444 2159 500 2219 705
521 2153 597 2195 natus
616 2147 688 2202 erat;
710 2152 862 2211 quanquam
884 2129 934 2188 alii
955 2130 1014 2207 ejus
1033 2131 1132 2188 natales
1157 2132 1191 2187 ad
1212 2151 1239 2188 a.
1264 2134 1339 2208 6903
1361 2129 1428 2195 Pro.

445 2226 527 2301 pertii
549 2237 638 2282 autem
658 2221 696 2281 ad
721 2241 745 2281 a.
771 2226 824 2301 ⁶97
853 2220 952 2279 referte
977 2221 1081 2280 volunt.
1120 2221 1248 2279 Catullus
1270 2220 1355 2279 circa·
1369 2242 1427 2303 705

444 2313 560 2375 obierat.

776 2393 780 2400 ¹
828 2394 878 2515 U
907 2437 949 2515 C.
976 2466 1050 2537 71²·

490 2570 550 2643 M.
569 2568 725 2642 AEmilius
744 2561 952 2663 Lepidussl.
998 2568 1047 2658 L.
1067 2565 1238 2642 Minatius
1254 2561 1409 2667 Plancus.

682 2690 714 2747 a.
736 2677 771 2748 C.
787 2701 846 2769 42.
899 2678 1030 2773 Virgilii
1047 2686 1195 2774 28—29.

490 2810 645 2869 Triumviri
677 2810 778 2868 Caesari
803 2811 912 2869 divinos
938 2815 1050 2871 honores
1075 2814 1233 2872 decernunt.
1284 2813 1351 2875 Kal.
1387 2812 1435 2889 J

452 2902 554 2960 nuariis
568 2902 597 2957 in
607 2901 664 2975 ejus
675 2901 733 2955 asta
751 2902 852 2976 jurant.
893 2901 1028 2959 Sacellum
1047 2902 1073 2959 ei
1088 2917 1225 2980 tamquam
1240 2902 1317 2960 heroi
1330 2899 1435 2960 insono

424 3010 427 3018 ’
451 2990 570 3057 faciunt,
591 3006 618 3045 et
640 3009 699 3065 quae
711 2989 740 3045 id
753 3009 837 3065 genus
849 2991 926 3067 plura
943 2992 1014 3069 apud
1038 2991 1157 3052 Dionem
1178 2990 1304 3060 XLVII,
1333 2995 1378 3051 18.
1401 2982 1436 3067 r9

452 3091 648 3137 memorantur.
690 3076 717 3133 Α
737 3097 792 3154 quo
817 3075 881 3133 inde
905 3093 1026 3157 tempore
1044 3081 1117 3137 Divi
1118 3080 1191 3156 filius
1202 3078 1367 3137 Octavianus
1378 3076 1439 3136 dici

457 3166 554 3243 coepit,
568 3166 602 3221 de
616 3181 671 3241 quo
682 3165 793 3222 nomine
806 3164 867 3221 satis
880 3167 988 3245 copiose
1000 3168 1059 3245 agit
1070 3167 1165 3224 Heius.
1177 3168 1212 3224 ad
1224 3168 1288 3225 AEn.
1300 3166 1357 3233 VI,
1369 3184 1438 3244 793.

455 3256 541 3311 Anno
553 3254 607 3309 sere
616 3249 729 3309 eaeuntc
743 3267 878 3329 pugnatur
891 3254 926 3310 ad
939 3253 1078 3333 Philippos
1089 3254 1119 3313 in
1130 3274 1162 3311 ea
1175 3253 1347 3311 Macedoniae
1364 3267 1441 3330 parte
1453 3249 1469 3256 ”’

455 3341 529 3407 sitos,
542 3359 601 3415 quae
613 3339 680 3395 olim
695 3340 729 3393 ad
749 3338 894 3395 Thraciam
920 3341 1093 3417 pertinuerat.
1133 3342 1233 3399 Brutus
1252 3354 1281 3400 et
1293 3340 1395 3399 Cassius
1415 3340 1444 3399 se

454 3427 502 3485 sua
515 3446 595 3483 manu
609 3425 785 3482 interficiunt.
827 3427 871 3482 De
883 3448 973 3505 pugna
986 3432 1021 3487 ad
1047 3429 1186 3506 Philippos
1203 3429 1260 3485 vid.
1285 3427 1392 3505 Georg.
1416 3428 1442 3498 Ι,

457 3519 515 3590 489
544 3515 601 3590 sqq.
651 3514 696 3570 M.
721 3513 858 3571 Antonius
883 3516 918 3572 ad
942 3537 983 3574 res
1008 3518 1076 3576 Asrae
1096 3517 1291 3596 constituendas
1315 3516 1444 3584 discedit,

460 3603 628 3659 Ostavianus
642 3600 669 3657 in
684 3600 794 3658 Italiam
807 3602 888 3669 redit,
901 3604 935 3662 ad
949 3624 1028 3684 agros
1039 3621 1066 3663 et
1084 3604 1195 3685 praemia
1216 3604 1288 3662 inter
1305 3618 1446 3661 veteranos

337 3679 348 3719 ’-
459 3690 659 3748 distribuenda.

497 3778 546 3834 Ad
558 3776 670 3834 Calatis
687 3777 914 3836 consecrationem
927 3800 1009 3857 quam
1028 3780 1149 3839 diximus
1168 3778 1273 3836 nobiles
1293 3778 1336 3837 illi
1357 3777 1448 3843 versus

460 3867 580 3943 {pessunt
592 3866 657 3923 AEn.
670 3864 694 3923 I.
711 3885 863 3944 290-294
876 3868 998 3944 Nascetur
1003 3867 1113 3945 pulchra
1121 3868 1246 3948 ijanut
1256 3875 1351 3946 origine
1357 3868 1451 3941 Caesar
1534 3929 1536 3933 ,

462 3970 518 4012 etc.
536 3969 563 4010 et
578 3954 632 4020 VI,
658 3972 715 4031 790
735 3955 776 4012 hic
789 3956 893 4032 Caesar,
912 3973 937 4013 et
954 3966 1030 4015 omnis
1049 3956 1105 4013 Iuli
1115 3958 1247 4033 Progenies
1262 3977 1382 4034 magnum
1393 3952 1455 4013 calt'
1513 3999 1515 4003 ⁴

466 4042 634 4117 venturasub
654 4066 738 4101 axem.
779 4045 825 4102 De
836 4044 929 4101 eadem
943 4046 1145 4103 consectatione
1165 4043 1210 4101 scu
1222 4041 1358 4119 apotheosi
1370 4060 1451 4119 agere

466 4128 729 4207 vulgocxiffimatur
742 4131 871 4207 Daphnis,
889 4132 994 4211 Ecloga
1012 4131 1052 4191 V.
1074 4131 1211 4190 Martinus
1229 4132 1310 4208 (Life
1321 4135 1357 4207 of
1366 4132 1458 4210 Virgil

465 4242 493 4297 p.
506 4217 607 4276 XLVI
617 4219 690 4275 etad
699 4217 759 4276 Ecl.
774 4219 814 4283 V,
829 4222 874 4278 86.
889 4241 936 4279 zo.
947 4240 994 4299 5²·
1007 4220 1061 4286 lx,
1076 4224 1122 4292 ιο)
1132 4221 1185 4277 hoc'
1196 4217 1452 4295 ipsoquoqueanuo

468 4326 529 4364 eam
544 4304 671 4383 scriptam
681 4306 731 4363 esse
750 4307 897 4374 statuebat;
918 4323 948 4366 ut
965 4309 1033 4366 adeo
1047 4308 1199 4365 octaviano
1212 4304 1313 4363 Caesari
1321 4305 1381 4381 jam
1393 4318 1455 4363 tum

463 4394 548 4452 Maro
568 4397 772 4452 commendatus
795 4395 845 4452 elle
863 4393 950 4453 videri
970 4397 1083 4465 debeat;
1103 4396 1186 4472 idque
1196 4395 1250 4450 hoc
1262 4390 1322 4469 ipso
1334 4389 1456 4458 carmiue

348 4571 354 4583 Ι
464 4484 563 4545 sallum
581 4482 646 4544 elle:
671 4481 712 4546 ib.
725 4502 788 4564 pag.
803 4482 853 4547 LI.
894 4484 925 4542 Si
940 4484 1081 4547 mihihaec
1101 4484 1268 4559 conjestura,
1289 4497 1337 4558 per
1352 4476 1387 4535 se
1406 4476 1456 4534 ad.

1341 4564 1457 4625 modum
