3575 5509
396 700 536 752 rxvr·
648 670 734 744 DE
783 657 1111 739 VIRGILII
1160 665 1164 711 -’

395 878 595 962 AEneidem,
613 871 735 945 multis
759 868 945 963 scripturae
964 864 1204 962 compendiis,
1221 854 1383 946 ‘'et'valde

381 1003 520 1079 ‘vitiose
536 1016 708 1085 exaratus,
721 992 1158 1091 frequentibusquelituris
1176 1007 1211 1063 et
1229 972 1384 1067 indoslis'

396 1126 705 1201 emendationibus
730 1120 855 1218 passim
890 1119 1135 1214 interpolatus.
1196 1118 1255 1191 Ad
1288 1111 1384 1192 XIII

396 1269 516 1323 tamen
528 1249 582 1320 vel
593 1247 684 1320 XIV
697 1244 868 1325 saeculum
883 1242 1071 1339 adsurgere
1084 1238 1158 1339 ejus
1169 1260 1253 1315 aetas
1269 1245 1386 1320 videri

370 1355 522 1474 potest.
574 1372 653 1446 Hos
680 1389 749 1443 tres
774 1366 880 1457 codd.
914 1369 1137 1485 comparavit
1163 1386 1198 1439 et
1222 1344 1385 1442 ledionis

397 1497 605 1570 varietatem
622 1494 667 1565 ad
685 1490 886 1586 marginem
905 1489 991 1563 edit.
1018 1488 1186 1587 Gotting.
1212 1484 1386 1599 encerpfit

249 1622 250 1628 ’
399 1622 455 1715 Jo.
479 1619 539 1693 Ge.
558 1616 694 1709 Merffel,
716 1614 781 1687 illo
801 1632 966 1710 tempore
990 1614 1120 1722 (1766)
1139 1613 1296 1712 juvenis,
1320 1620 1385 1691 Se-

401 1744 542 1819 minarii
568 1741 779 1842 philologici
805 1740 968 1812 sodalitio
994 1738 1206 1836 adscriptus,
1225 1767 1320 1816 nunc
1346 1744 1388 1819 iri

401 1869 598 1943 Academia
622 1868 829 1964 Erlangensr
855 1864 1099 1938 Historiarum
1135 1868 1310 1966 Proseffor
1340 1862 1388 1941 de

401 1986 527 2064 litteris
545 1994 718 2065 historicis
736 1989 988 2078 meritiffimus,
1005 1986 1188 2093 Principi
1178 1988 1387 2069 Marchioni

359 2121 361 2127 '
401 2115 603 2189 Brandenb
617 2116 760 2189 aCons.
779 2117 849 2188 aul.
1219 2115 1229 2131 “

449 2238 640 2311 Obtulerat
654 2238 745 2310 mihi
757 2238 849 2311 haud
869 2240 1005 2337 vulgari
1018 2215 1250 2314 humailitatis
1262 2265 1387 2315 exem.

402 2364 478 2460 plo,
509 2388 573 2435 nec
607 2366 818 2461 appellatus,
854 2366 980 2454 Satius,
1013 2375 1259 2439 conterraneus
1287 2392 1389 2441 meus

406 2504 507 2587 (nam
524 2493 562 2564 in
577 2492 703 2565 iisdem
720 2493 998 2566 Clremniciensrs
1017 2484 1082 2577 soli
1107 2492 1202 2587 apud
1228 2491 1389 2564 Misenos

273 2615 275 2626 '
339 2692 342 2699 ,
403 2618 602 2726 linibus,1n
618 2618 745 2715 quibus
765 2618 833 2691 Ge.
854 2615 1037 2691 Fabricius
1053 2621 1155 2687 natus
1173 2632 1257 2701 erat,
1269 2615 1389 2688 lucem
1429 2711 1433 2715 ,

401 2722 548 2837 uterque
565 2740 821 2837 adspeximus),
835 2726 1389 2838 Virgiliumvarietatelestionis
1432 2789 1438 2803 .

401 2860 610 2933 instruslum
613 2850 745 2958 qudm
757 2888 800 2935 cx
812 2864 1036 2962 autographo
1049 2862 1219 2935 Cortrano
1231 2862 1320 2934 olrm
1332 2845 1400 2962 vit*-

402 2980 617 3055 dodlissimus
635 2982 874 3080 adscripscrat
925 2984 1013 3055 Erat
1030 2983 1090 3055 illa
1101 3007 1144 3054 ex
1162 2972 1236 3055 XV
1251 2982 1389 3056 codici·

403 3106 469 3178 bus
488 3108 665 3204 congesta,
685 3132 773 3204 quos
791 3127 912 3180 tamen
940 3107 1064 3179 Cornus
1087 3131 1160 3179 non
1179 3131 1309 3182 omncs
1331 3108 1391 3180 ina·

338 3278 349 3289 ,
399 3228 549 3324 spexilse
584 3231 697 3301 videri
731 3210 851 3319 debet,
890 3248 1023 3325 praeter
1047 3228 1391 3326 Guelpherbytanos‚

401 3374 491 3446 quos
508 3352 552 3422 ad
565 3353 599 3423 se
610 3352 728 3423 missos
746 3353 1003 3425 eum'habuisse
1019 3352 1203 3451 probabile
1218 3354 1272 3426 fit.
1299 3350 1391 3427 Cor-

401 3480 495 3551 tium
521 3476 675 3573 Virgilio
702 3476 917 3549 recensendo
952 3454 1114 3549 animum
1130 3476 1321 3575 appulisse,
1345 3473 1389 3552 ex

310 3633 314 3638 ·
405 3600 588 3673 Thesauro
605 3601 657 3671 La
683 3599 859 3673 Croziano
877 3624 1004 3672 noram
1030 3601 1139 3672 Tom.
1166 3602 1195 3687 Ι,
1219 3626 1305 3697 pag.·
1331 3602 1390 3673 8&

371 3722 384 3788 ὲ
405 3714 554 3798 Codices
570 3740 703 3811 autem,
718 3747 873 3819 quorum
889 3727 1086 3799 variantem
1100 3724 1291 3799 lectionem
1302 3746 1392 3797 cons

403 3844 602 3940 scripserat,
616 3846 654 3917 hi
672 3864 792 3919 crant:

459 3995 489 4045 1.
516 3973 624 4044 Vetus
643 3974 807 4051 Gudianus
827 3974 888 4069 (de
903 4000 976 4073 quo
991 3976 1068 4072 sup.
1080 4000 1118 4071 p.
1136 3981 1215 4070 53).
1287 4036 1293 4043 f
1319 3997 1333 4064 ᾖ
1380 4006 1384 4014 ·

457 4118 490 4168 2.
516 4095 620 4166 Alius
649 4094 813 4167 Gudianus
844 4096 1004 4195 ejusdem
1038 4098 1153 4171 aetatis
1179 4081 1217 4169 ct
1250 4095 1392 4188 formae,

262 4278 263 4281 ,
406 4215 471 4288 nisr
487 4217 587 4312 quod
603 4215 733 4288 litterae
750 4220 919 4292 vetustate
940 4222 1069 4294 attritae
1088 4220 1213 4317 paffim
1236 4244 1390 4291 evanuea

408 4357 503 4414 runt
555 4342 690 4437 Incipit
706 4367 790 4415 cum
809 4346 946 4443 Geo'rg
967 4346 1028 4434 lV,
1047 4370 1094 4443 70
1111 4365 1145 4419 ct
1161 4347 1284 4419 delicit
1301 4344 1388 4419 AEn·

411 4462 459 4553 X,
479 4485 558 4560 123.
595 4466 672 4552 Not
674 4489 751 4540 atur
767 4469 818 4543 int
821 4495 858 4545 er
805 4470 1064 4544 tGudianos
1082 4472 1154 4544 Νο.
1183 4492 1249 4564 107
1269 4468 1364 4567 (66)

625 4611 644 4695 5
1127 4614 1240 4688 3.
1266 4590 1389 4666 Etiam
