3575 5509
566 660 1077 794 sorrrouuuus,
1201 633 1341 756 ηυξ

329 866 426 948 itaque
445 866 524 947 usque
536 888 600 928 cum
612 889 660 948 per
671 870 812 949 ingenium
825 872 958 943 nostrum,
978 876 1052 953 quod
1071 876 1137 936 alin
1154 876 1191 938 ab
1212 880 1264 940 line
1281 882 1322 943 rel
1438 894 1440 897 ·

328 957 466 1046 disperariae
478 956 627 1016 subtilitnte
638 972 667 1017 et
678 958 865 1019 sollicitudine
878 961 1017 1035 abhorret,
1035 980 1095 1024 tum
1111 987 1160 1046 per
1171 970 1225 1029 otii
1236 972 1321 1031 nostri

330 1049 462 1107 rationem
481 1048 575 1117 licuit,
593 1068 627 1106 eo
646 1051 774 1128 progressi
796 1050 900 1120 sumus,
917 1064 947 1108 et
965 1054 1198 1133 quandoquidem,
1218 1075 1249 1118 ut
1260 1060 1320 1119 satd

329 1153 358 1197 et
369 1137 561 1197 vicissitudines
568 1136 724 1215 Virgiliani
737 1153 826 1197 textus
838 1139 1001 1217 cognoscere
1012 1142 1151 1219 possemus,
1163 1146 1319 1206 editionum

327 1229 430 1305 aliquis
442 1227 564 1286 recensus
576 1226 657 1285 nobis
683 1228 866 1286 conficiendus
885 1243 955 1297 erat,
974 1248 1038 1289 cum
1059 1231 1116 1290 lraec
1135 1232 1192 1310 ipsu
1210 1254 1251 1294 res
1266 1235 1319 1293 slis

326 1331 459 1393 quantum
472 1315 602 1375 utilitatis
613 1314 711 1374 habere
724 1316 870 1386 videretur,
884 1317 1075 1395 subjunximus
1085 1335 1113 1379 et
1125 1322 1209 1395 hunc,
1222 1343 1318 1403 quum*
1381 1369 1387 1384 .

328 1421 411 1482 quam
431 1424 466 1464 eo
479 1403 596 1463 consilio
616 1423 671 1461 non
689 1419 853 1482 pertextum,
872 1420 905 1463 ut
923 1402 963 1465 itn
981 1419 1183 1487 proponeretur.
1223 1411 1319 1492 ltaque

328 1515 378 1553 nec
394 1495 496 1554 mirum
509 1492 657 1561 videbitur,
676 1493 695 1551 si
715 1500 744 1553 in
763 1495 945 1563 recentioribus,
963 1499 1085 1577 hrtj’usque
1102 1502 1318 1577 inprimitsaeeuli,

326 1580 495 1642 editionibus
508 1581 672 1639 recensendis
684 1582 774 1642 minus
792 1583 941 1662 diligentes
960 1605 1041 1662 quum
1064 1586 1095 1645 in
1117 1588 1316 1667 antiquioribus

251 1698 258 1706 -
328 1669 404 1728 sorte
422 1670 469 1729 visi
492 1670 610 1740 orimue3
635 1690 690 1729 non
715 1672 789 1731 enim
813 1674 849 1730 ad
867 1672 1012 1732 confilium
1032 1677 1149 1735 nostrum
1171 1676 1318 1755 speelnbtn
1373 1672 1376 1677 ’

330 1777 425 1819 omnes
443 1759 586 1827 editiones,
607 1758 654 1817 sed
675 1778 719 1816 eus
739 1778 963 1829 commemorare,
982 1763 1056 1823 unde
1076 1764 1182 1843 aliquid
1206 1765 1258 1825 live
1278 1767 1315 1826 ad

329 1842 515 1927 Virgilianurn
528 1862 636 1909 textum
649 1847 746 1908 auxilii
759 1849 812 1907 five
825 1850 860 1907 ad
872 1850 929 1929 ejus
942 1864 1031 1911 textus
1042 1850 1180 1912 historiam
1197 1852 1316 1932 psaefidfi

325 1939 460 2017 expediti
470 1938 566 2019 posset.
950 1936 952 1938 ¹

622 2185 717 2248 sne.
728 2187 810 2270 xv,
826 2190 1028 2275 1467—1500·

366 2313 464 2376 Editio
482 2312 602 2395 Virgilii
617 2326 730 2395 princeps
746 2318 782 2376 est
795 2320 922 2396 Romana,
932 2321 985 2397 sub
998 2321 1114 2399 auspiciis
1131 2318 1227 2380 Paesti
1242 2320 1280 2379 H
1286 2328 1315 2382 iae

323 2404 393 2464 domo
403 2407 480 2464 Petri
486 2405 518 2461 de
530 2406 649 2464 Maximo
655 2420 703 2482 per
716 2405 861 2466 Conmdum
873 2424 898 2467 et
907 2409 1047 2468 Arnoldum
1059 2408 1198 2470 senonicas
1211 2408 1313 2485 (Conso

321 2491 499 2552 Sneinsheim
512 2506 541 2551 et
553 2494 625 2553 Arn.
637 2492 781 2569 Paunartzl
796 2495 908 2566 excusa,
922 2496 973 2557 sub
986 2516 1098 2568 annum,
1117 2497 1166 2577 qui
1176 2489 1311 2577 expressius

251 2608 259 2620 ·
325 2592 416 2668 tamen
428 2601 483 2642 non
494 2582 542 2648 est,
565 2582 636 2660 ¹4⁶7
649 2582 692 2639 vel
706 2584 790 2662 1469.
1258 2593 1260 2599 ’
1331 2586 1337 2592 “

368 2669 488 2746 (Eadem
499 2671 590 2749 paullo
602 2671 659 2749 post
671 2671 801 2749 repetita:
821 2684 852 2731 ut
863 2672 933 2732 adeo
945 2672 978 2732 sit
990 2672 1117 2732 Romana
1129 2673 1144 2730 I
1156 2685 1184 2732 et
1196 2670 1249 2746 II.)

367 2756 424 2816 DL
434 2757 623 2839 exemplaria*
644 2761 722 2839 prelo
740 2760 844 2830 exiisse,
862 2782 879 2820 e
900 2776 964 2821 nota
985 2762 1034 2821 illa
1046 2762 1166 2841 Epistola
1179 2758 1310 2842 Episcopi
1408 2774 1412 2781 '

325 2844 471 2906 Aleriensis'
480 2846 516 2905 ad
530 2846 638 2905 Sixtum
656 2844 701 2905 IV
716 2867 753 2906 20
766 2847 855 2907 Mart.
877 2848 1310 2927 1472scriptaconuasnuemo÷

325 2951 418 2994 ramnt
437 2928 508 2994 hanc
520 2934 670 2994 editionem
684 2936 801 2993 Orlandi
818 2937 924 3013 Origine
944 2958 958 2990 e
977 2936 1102 3013 Prugreffl
1118 2933 1186 2994 della
1203 2936 1312 3011 Stanpa

324 3043 353 3103 p·
366 3029 402 3088 68
415 3039 443 3083 et
454 3028 522 3102 428.
563 3023 706 3082 Maittuire
718 3024 818 3084 Annnl.
831 3039 926 3106 typogr.
944 3022 984 3081 T.
996 3023 1022 3091 1,
1035 3044 1064 3102 p.
1081 3043 1128 3101 14,
1156 3022 1202 3081 sed
1216 3021 1311 3079 ineam

293 3168 296 3171 Α
324 3133 380 3171 uon
392 3114 514 3183 viderat3
534 3126 563 3170 et
581 3111 747 3171 Fontaninus
767 3108 1026 3189 Hfi.l1'tt.Aquilei.
1048 3129 1113 3187 pag.
1127 3128 1176 3183 40.
1215 3109 1310 3166 Accu·

324 3216 382 3261 rate
400 3203 436 3261 de
453 3222 486 3260 ea
497 3200 557 3282 egit
578 3201 664 3260 Catd.
684 3201 820 3281 Qirinus
831 3201 862 3257 de
880 3214 931 3275 opt.
934 3204 1026 3276 script.
1039 3199 1095 3255 edd.
1108 3199 1148 3255 ad
1165 3194 1254 3253 Paulli
1274 3195 1311 3252 II

324 3289 401 3365 Gesta
411 3310 475 3369 pag.
492 3309 542 3371 ¹9¹
565 3288 637 3367 sqq„
658 3290 704 3348 ubi
716 3309 750 3348 ex
762 3287 872 3367 epistola
887 3287 936 3363 Jo.
954 3286 1084 3355 Andreae,
1101 3282 1222 3362 episcopi
1240 3282 1310 3342 Ale·

323 3378 427 3448 riensis,
445 3381 537 3449 docet,
556 3378 692 3457 duplicem
712 3378 747 3436 ab
759 3398 792 3437 eo
809 3376 960 3436 editionem
979 3376 1056 3435 fuisse
1074 3374 1251 3442 adornatam
1274 3372 1306 3433 P.

326 3464 352 3525 F
353 3487 427 3527 runc.
441 3468 516 3528 Xav.
539 3461 620 3525 Laire
632 3469 662 3526 iu
683 3468 799 3546 Specim.
813 3465 942 3525 historico
962 3463 1166 3545 Typogrnphiae
1178 3462 1310 3521 Romanae

325 3556 425 3631 (Rom.
445 3560 528 3635 1778,
542 3558 585 3633 8.)
609 3578 637 3635 p.
655 3576 706 3635 147
720 3556 777 3634 sqq.
792 3571 843 3614 tres
863 3555 932 3613 adeo
952 3555 1085 3613 editiones
1103 3553 1154 3613 subi
1175 3552 1245 3611 visas
1257 3553 1308 3611 esse

322 3644 456 3723 putabam
475 3662 568 3705 vetum
586 3642 702 3703 errorem
721 3646 777 3720 ejus
789 3644 876 3702 severe
889 3644 1028 3723 castigavit
1040 3644 1086 3719 Jo.
1107 3643 1186 3722 Bapt.
1202 3641 1307 3699 Audis-

322 3734 397 3793 sredi
410 3734 439 3793 in
451 3714 586 3813 Catulogo
597 3734 658 3793 hist.
679 3732 742 3792 crit.
756 3732 942 3791 Romanarum
955 3730 1109 3789 editionum
1129 3728 1219 3789 saeculi
1245 3727 1306 3787 XV

323 3823 434 3899 (Romae
450 3813 535 3901 1783,
549 3825 591 3899 4.)
605 3843 633 3901 p.
646 3839 680 3881 22
692 3820 730 3897 sq.
741 3817 826 3897 79sq.
858 3818 936 3876 Idem
947 3817 989 3875 vir
999 3816 1094 3875 doslus
1105 3816 1225 3895 priorem
1234 3834 1305 3875 anno

326 3916 411 3990 ¹4⁶9.
421 3911 536 3969 alterum
559 3930 627 3990 147¹
653 3908 772 3986 assignat.
811 3906 913 3964 Iterum
926 3903 1033 3981 copiose
1053 3904 1088 3961 de
1099 3901 1190 3982 priore
1202 3902 1260 3982 egit
1271 3902 1312 3963 de.

321 3998 394 4058 Bure
408 3997 449 4073 (in
462 3998 605 4077 Catalogue
617 3999 658 4063 des
671 3998 765 4053 Livrcs
776 3994 806 4050 de
818 3995 877 4052 Duc
887 3994 919 4050 de
937 3992 967 4050 la
980 3987 1101 4052 'Vallum
1122 3992 1159 4050 T.
1181 3990 1222 4058 II,
1237 3991 1267 4050 P.
1280 3992 1306 4062 l,

321 4077 352 4166 pi
367 4089 403 4164 78
418 4085 456 4163 sq.
496 4086 574 4161 cujus
594 4083 767 4143 bibliothece
779 4080 914 4159 exemplar
927 4079 1006 4158 hujus
1022 4078 1152 4138 editionis
1173 4078 1206 4137 Ι..
1228 4097 1301 4154 4¹0¹

322 4172 433 4237 veniisse
444 4168 569 4247 dicitur.)
605 4170 699 4228 Nemo
713 4183 801 4226 tamen
814 4188 847 4225 ex
860 4167 903 4225 his
916 4166 1015 4225 critico
1028 4164 1157 4224 acumine
1168 4163 1311 4245 instrusiuu

318 4260 481 4326 interiorem
490 4256 558 4316 libri
571 4258 771 4317 estimationem
784 4254 852 4313 seuit
865 4269 911 4311 aut
923 4254 1011 4312 facere
1023 4252 1124 4331 potuit.
1163 4250 1208 4306 Est
1218 4263 1310 4307 autem

321 4347 437 4430 epistola
460 4345 573 4421 Joannis
597 4346 715 4403 Andreae
738 4342 774 4400 ad
801 4344 958 4420 Pomponium
990 4342 1183 4419 Insonunatum
1208 4333 1308 4414 scripta

435 4530 453 4563 ⁰
469 4528 536 4579 Vere
547 4528 690 4582 CCLXXV
700 4526 785 4595 prlmae
797 4536 822 4577 et
831 4526 935 4577 totidem
946 4520 1044 4576 alterius
1053 4520 1176 4576 editionis.
1227 4590 1267 4649 alt
1298 4590 1305 4603 υ

1266 4609 1307 4652 eu
