3575 5509
453 682 523 779 376
596 680 636 754 P.
674 676 959 753 VIRGILII
1009 676 1305 752 MARONIS

452 872 530 975 Nec
547 874 636 947 cafia
652 872 780 969 liquidi
797 868 1046 968 conrumpitur
1063 872 1142 943 usus
1158 870 1266 942 olivi:
1335 864 1430 955 ⁸466

392 1087 396 1095 ,
450 1014 501 1087 At
518 1010 637 1090 secuta,
650 1008 760 1104 quite,
777 1026 811 1079 et
826 1009 941 1082 nescia
955 1007 1075 1089 fallere
1091 1008 1177 1095 vita,

482 1216 537 1275 466.
555 1219 633 1281 liquida
647 1216 721 1265 Gotle
734 1215 783 1264 'sec
817 1217 968 1277 liquidaeolivae
986 1215 1055 1264 Leid
1067 1215 1155 1264 'laudat
1165 1214 1248 1265 Burm.
1265 1214 1294 1263 ad
1307 1213 1426 1271 Samonice

449 1294 480 1342 de
490 1296 577 1343 Medic.
590 1295 645 1359 961.
656 1293 720 1342 conf.
730 1293 760 1340 ad
771 1291 821 1340 Ecl.
832 1294 864 1349 V,
873 1292 1035 1353 68.—-467.
1053 1296 1088 1340 Ac
1098 1293 1208 1357 Longob.
1243 1295 1286 1340 Sed
1297 1291 1369 1339 Gotln
1379 1292 1423 1341 set.

449 1380 518 1441 ultam
540 1376 671 1430 Romanus,
687 1372 747 1421 alter
767 1371 867 1419 Mentel.
889 1383 914 1419 et
936 1369 1045 1437 Meiaag„
1059 1372 1126 1436 quod
1144 1372 1202 1431 ferri
1217 1371 1302 1439 pollet,
1317 1370 1426 1437 praeferri
1449 1376 1452 1383 '

447 1452 518 1501 alteri
527 1466 576 1499 non
586 1449 668 1515 potest.

447 1610 555 1670 habent.
585 1616 663 1688 sucus
675 1608 710 1668 de
722 1608 850 1685 adoptato
863 1628 910 1666 co-
956 1608 1014 1667 lax.
1054 1610 1188 1688 Adeoque
1199 1623 1315 1670 eu'tanon
1317 1612 1426 1691 fallax,

446 1688 504 1752 lore
519 1707 680 1764 quocunque
697 1684 911 1762 frequentatum
958 1687 1015 1743 vita
1034 1705 1116 1755 certa,
1137 1703 1207 1756 tuta,
1234 1690 1316 1747 nullis
1344 1687 1426 1749 vicis-

445 1779 514 1822 utet
526 1790 649 1823 venenum
662 1766 696 1822 de
716 1762 811 1841 quovis
820 1763 913 1832 succo,
959 1762 1121 1828 fitudinibus
1131 1764 1260 1832 obnoxia,
1299 1787 1360 1822 uam
1381 1779 1425 1821 tu-

442 1839 568 1919 inprimis
579 1858 624 1898 aut
638 1839 769 1903 anteriore
777 1856 824 1897 aut
843 1841 914 1897 acri·
961 1855 1004 1899 tus
1016 1863 1047 1899 ac
1060 1842 1163 1904 securus
1175 1861 1246 1919 agas.
1279 1787 1427 1910 (lladenus

444 1939 503 1977 ote.
544 1922 668 1998 Affyrium
680 1919 708 1976 h.
729 1918 749 1974 l.
770 1938 820 1995 pro
833 1916 915 1995 Syrio
962 1939 1024 1977 cum
1038 1919 1098 1976 vito
1110 1920 1192 1977 dodo
1209 1933 1343 1996 exponas:
1365 1940 1428 1996 quae

445 2013 473 2054 et
487 1996 640 2065 Phoenicio,
661 2013 690 2053 ut
706 1996 863 2073 plerumque
882 2014 911 2050 a·
957 1995 1167 2073 expectationem
1193 1994 1228 2052 de
1253 1995 1427 2068 sentinet,

443 2075 501 2153 pud
526 2083 621 2154 poetas
643 2074 691 2130 fit:
713 2071 759 2129 Sic
782 2076 913 2149 Ἀσσύςιοι
956 2094 1017 2150 quae
1041 2074 1140 2151 ptaebet
1163 2092 1206 2140 ea,
1225 2094 1286 2149 quae
1309 2074 1345 2131 de
1376 2073 1425 2132 illa

443 2155 516 2223 ξεῖνον
547 2152 605 2211 acci
626 2149 734 2207 iendum
772 2165 842 2228 puto
877 2152 920 2209 de⁴
957 2170 991 2207 ex
1026 2150 1124 2209 (labus.
1161 2150 1223 2224 Jam
1255 2164 1345 2208 autem
1369 2150 1423 2220 hoc

407 2259 420 2278 ι
443 2246 594 2288 mercatore
607 2172 804 2303 lhoenicio-ap.
818 2228 911 2285 Theo·
957 2226 987 2303 ip
1001 2250 1046 2285 um
1059 2228 1128 2290 inter
1147 2227 1265 2303 potiores
1286 2227 1347 2285 vitae
1366 2230 1425 2290 lau-

443 2310 506 2364 crit.
519 2306 561 2373 II,
584 2307 648 2364 162.
685 2310 740 2380 usus
752 2305 826 2373 olivi,
840 2324 911 2363 nova
957 2305 1004 2361 des
1015 2305 1138 2370 habetur,
1159 2304 1235 2381 quod
1247 2305 1320 2361 nulla
1331 2308 1425 2381 reejus

463 2383 613 2461 etiphrasts‚
643 2401 698 2457 quo
728 2379 789 2457 quis
813 2380 908 2443 utitur.
956 2380 1058 2447 studius
1085 2380 1216 2447 turbatur.
1264 2382 1304 2437 At
1336 2384 1424 2441 Parca

442 2404 544 2519 llorat.
558 2460 615 2516 Od.
629 2458 684 2527 Ill,
698 2477 724 2524 1,
737 2477 773 2537 42
786 2458 838 2515 Nec
845 2473 909 2533 pur·
954 2482 1002 2515 non
1014 2459 1119 2524 mendax
1131 2458 1202 2537 apud
1214 2457 1362 2518 Horatium
1374 2462 1422 2528 est,

435 2553 562 2613 purarum
578 2539 663 2613 fidere
693 2534 786 2592 clarior
811 2534 911 2604 Delinit
953 2554 1014 2611 quae
1035 2553 1097 2593 vera
1116 2533 1201 2603 canit,
1221 2550 1350 2615 quatenus
1367 2535 1423 2604 fata
1454 2580 1456 2594 .

440 2618 506 2688 usus.
533 2613 570 2669 cf.
597 2611 648 2670 inf.
673 2610 728 2676 III,
764 2630 826 2743 13?⁸
866 2613 909 2669 De
955 2626 1030 2669 certa
1052 2630 1084 2668 ac
1104 2611 1157 2668 fixa
1181 2612 1252 2669 sunt.
1292 2611 1328 2669 Et
1351 2614 1422 2672 hanc

440 2692 509 2764 casta
521 2690 579 2755 vid.
594 2690 651 2767 sup.
666 2687 701 2745 ad
713 2686 774 2746 Ecl.
810 2687 835 2753 I,
855 2707 902 2763 49.
956 2688 1163 2765 explicationem
1198 2689 1305 2748 Servius
1337 2692 1422 2749 altero

440 2765 688 2844 Georg.·II,'212.
729 2767 768 2822 At
780 2764 809 2823 h.
824 2766 843 2821 l.
862 2766 905 2822 in·
955 2767 1017 2823 lo'co
1039 2764 1144 2843 posuit:
1165 2785 1211 2824 aut
1233 2766 1349 2845 quoniam
1375 2779 1422 2827 im-

439 2843 601 2923 telligendus
614 2842 656 2901 'est
678 2842 767 2900 frutex
793 2842 851 2908 ille,
870 2845 906 2900 de
956 2843 1051 2900 mobilis
1075 2847 1108 2919 est
1120 2846 1206 2919 statui
1230 2850 1297 2905 vitae
1320 2869 1422 2915 eorum-‚-

438 2942 495 2999 quo
510 2921 613 2979 Plinius
625 2920 684 2999 agit
698 2919 769 2989 XII,
781 2940 817 2997 43
831 2922 907 2979 etde
955 2919 1107 2979 urbanorum
1118 2931 1183 2978 enim
1193 2932 1255 2979 vita
1266 2943 1313 2981 aut
1328 2919 1423 3000 infidiie

439 3020 496 3075 quo
508 2998 632 3079 inprimis
649 2997 783 3055 videndus
797 2996 905 3055 Hasel-
955 3013 1002 3055 aut
1009 3003 1182 3075 proscriptione
1199 3005 1335 3059 variatur.
1374 3003 1422 3059 Ad

330 3098 333 3102 ·
438 3078 518 3151 quist.
558 3075 650 3152 Hujus
661 3075 736 3132 cafiae
751 3075 828 3156 ligna
841 3074 905 3132 mis,
955 3072 1158 3151 Hefiodfftgy.
1183 3094 1236 3151 227
1255 3077 1311 3154 sqq.
1336 3078 1423 3154 respea

438 3154 537 3227 cebant
549 3152 712 3231 unguentis;
734 3171 796 3209 cum
808 3155 905 3229 vulgus
954 3150 1020 3208 xiffe
1037 3154 1148 3230 putabat
1160 3150 1281 3211 Utsmus.
1303 3156 1350 3212 Ad
1363 3176 1421 3213 ver-

437 3232 500 3288 oleo
530 3234 623 3288 nativo
650 3242 778 3286 uteretur.
833 3231 904 3295 ¹Co'r-
955 3227 990 3283 ba
1011 3244 1100 3287 tamen
1124 3228 1194 3288 nihil
1217 3228 1281 3288 inde
1299 3233 1421 3291 lucreris.

436 3320 590 3385 rumpicutn
603 3307 714 3373 dilectu,
726 3323 775 3381 pro
787 3304 906 3375 misceri,
956 3302 1005 3361 Per
1018 3303 1129 3363 sedioa
1140 3307 1242 3386 fallere
1262 3316 1341 3386 nescia
1361 3322 1423 3371 vita

436 3385 592 3461 temperari,
620 3401 781 3459 quocunque
810 3382 905 3451 mode,
953 3380 1074 3455 pluribus
1097 3386 1185 3442 modis
1209 3385 1298 3463 accipi
1327 3388 1419 3464 poffit3

437 3462 466 3518 h.
493 3463 512 3517 l.
539 3477 628 3520 tamen
643 3480 704 3516 cum
718 3459 844 3537 adjuncta
854 3478 903 3514 no·
954 3476 984 3517 ut
996 3458 1025 3515 h.
1038 3457 1060 3515 l.
1076 3480 1184 3538 quoque
1196 3460 1308 3522 factum.
1352 3463 1421 3522 Vul-

435 3538 528 3595 tione:
549 3539 579 3595 in
592 3536 709 3593 deterius
726 3536 902 3593 mutationem
952 3554 990 3611 go
1003 3536 1140 3612 accipiunt
1153 3539 1199 3601 stc,
1220 3554 1249 3601 ut
1259 3540 1290 3595 fit
1303 3541 1423 3608 innocua

435 3614 510 3671 fieri':
533 3630 563 3673 ut
579 3615 716 3682 vitiatum,
735 3610 902 3671 contamina·
954 3611 1023 3685 (scil.
1044 3629 1074 3669 ut
1085 3614 1117 3671 fit
1129 3615 1185 3673 vita
1198 3614 1351 3684 hominum,
1371 3619 1421 3695 qui

435 3705 507 3759 tum,
526 3692 568 3748 stt.
806 3708 809 3732 ¹
953 3709 1007 3747 non
1038 3691 1171 3770 fallunt):
1195 3692 1334 3750 Sententia
1357 3697 1421 3771 qui-

474 3772 541 3847 467.
565 3774 645 3843 nescia
656 3767 756 3844 fallere
771 3776 843 3834 uita,
862 3766 903 3823 nil
952 3768 1014 3823 dem
1039 3788 1112 3837 vera,
1132 3790 1191 3846 quae
1214 3784 1241 3827 et
1266 3769 1296 3827 in
1321 3772 1422 3831 Culice

434 3845 512 3903 aliud
544 3847 594 3901 elle
624 3847 719 3920 potest,
739 3866 820 3921 quam
842 3850 904 3902 vita
952 3844 1073 3901 occurrit
1086 3865 1122 3924 7²
1142 3848 1251 3926 Ouaque
1264 3853 1420 3910 ineunda

434 3940 502 3991 tuta,
521 3924 651 3995 ἀσφαλὴς,
665 3938 749 3990 certa,
763 3921 843 3978 nullis
856 3941 902 3978 ca·
948 3939 1048 3999 gentem
1068 3926 1204 3999 et'fraude
1226 3943 1327 3998 remotae
1357 3928 1420 3986 'cf-

380 4023 382 4028 '
434 4001 506 4059 sibus
529 4001 648 4073 adeoque
671 4017 721 4054 nec
744 3998 829 4055 metui
852 3999 902 4055 ob·
952 4001 1057 4055 Lucan.
1085 4000 1124 4067 V,
1146 4005 1348 4081 526—531.et
1362 4002 1419 4072 IV,

434 4079 527 4135 noxia.
597 4075 778 4131 Antecesserat
809 4080 903 4150 secura
953 4095 1008 4149 393
1040 4075 1078 4151 sq.
1118 4077 1154 4133 Et
1181 4078 1240 4137 sane
1264 4091 1336 4149 vita,
1355 4084 1421 4151 βίος,

432 4162 509 4233 quies.
550 4154 660 4212 Scilicet
670 4156 732 4207 vita
734 4151 834 4229 fallere
849 4157 901 4226 nes-
949 4172 1000 4239 pro
1024 4151 1188 4211 hominibus.
1228 4154 1305 4213 Dura
1330 4174 1421 4230 tamen

433 4240 474 4291 cia
486 4234 520 4290 est
534 4233 605 4289 idem
619 4248 650 4285 ac
669 4238 727 4285 vita
738 4252 785 4285 non
792 4228 911 4305 fallax..
949 4229 1144 4305 antetpretatio.
1187 4228 1251 4289 Fuit
1276 4235 1321 4292 vir
1351 4237 1419 4298 doc-

432 4311 495 4385 jam
510 4315 568 4386 spes
593 4332 639 4366 non
649 4305 745 4384 ſsellax
762 4306 797 4361 est
816 4319 900 4361 certa.
950 4319 1003 4369 tus,
1023 4305 1072 4380 qui
1091 4306 1208 4365 malebat
1225 4310 1418 4389 interpretari:

433 4391 506 4475 Sages
518 4412 565 4445 non
570 4386 679 4465 fallax,
699 4383 790 4438 fallere
802 4379 900 4448 nescia,
949 4379 1018 4450 vita,
1036 4402 1096 4457 quae
1108 4402 1162 4439 non
1177 4386 1259 4452 fallit,
1272 4407 1326 4444 non
1339 4382 1418 4457 latet,

433 4466 495 4528 ellet
507 4482 592 4533 certa,
611 4463 645 4518 de
663 4479 716 4538 qua
734 4472 820 4515 metus
839 4458 900 4513 nul·
949 4478 1005 4513 non
1029 4459 1124 4535 effugit
1150 4462 1204 4519 fine
1230 4464 1327 4522 frudu.
1375 4465 1420 4537 Ita

433 4542 473 4619 lug
486 4542 538 4613 est3
551 4538 705 4619 atquehinc
717 4560 780 4618 ager
790 4534 900 4614 atonsal·
948 4550 1039 4608 tannen
1052 4537 1183 4613 adjectum
1199 4541 1303 4617 aliquid
1315 4543 1420 4609 deside,

511 4649 513 4653 .
1301 4682 1309 4697 x
1364 4638 1419 4700 tes,
