3575 5509
439 690 542 768 no·
582 681 624 760 P.
657 674 944 754 vincunt
981 621 1278 750 Mnnonrs
1364 635 1367 643 ’

442 889 586 974 Verum,
609 882 672 957 ubi
689 882 877 978 tempestas
893 889 928 953 et
945 880 1031 953 coeli
1048 878 1195 952 mobilis
1211 879 1352 949 humor

442 1026 631 1099 Mutavere
647 1020 739 1105 vias,·
749 1036 785 1091 et
802 1015 971 1111 Juppiter
986 1013 1115 1085 uvidus
1132 1013 1254 1086 austris
1290 1043 1296 1063 ι

442 1160 780 1254 Denset,erantquae
789 1179 867 1227 rara
877 1149 1438 1247 mod0,et,quaedensa‚telaxat;

442 1294 779 1393 Vertunturspecies
790 1287 1196 1384 animorumet'pedora
1204 1306 1325 1361 motus
1355 1313 1436 1384 420

442 1436 551 1510 Nunc
569 1433 669 1518 alios,
684 1428 783 1514 alios,
799 1424 888 1496 dum
905 1421 1030 1495 nubila
1043 1424 1333 1521 ventusngebat,

444 1568 685 1663 Concipiunt:
711 1559 797 1632 hinc
815 1557 877 1628 ille
893 1556 1016 1629 avium
1030 1573 1224 1629 concentus
1240 1557 1279 1630 in
1295 1559 1409 1663 agris,
1443 1605 1445 1612 -

441 1700 493 1774 Et
509 1700 603 1775 laetae
618 1691 785 1790 pecudes,
801 1707 836 1762 et
852 1705 996 1761 ovantes
1012 1704 1161 1783 gutture
1175 1692 1287 1762 corvi.

491 1834 530 1907 Si
546 1856 631 1904 vero
646 1830 755 1903 solem
771 1828 816 1901 ad
833 1826 1001 1923 rapidum
1018 1825 1198 1923 lunasque,
1214 1828 1395 1926 sequentis

476 2044 534 2095 417.
551 2032 641 2081 mollibus
662 2031 739 2082 Goth.
757 2027 918 2097 pr.—-418.
934 2005 1054 2077 Mutavere
1076 2030 1131 2077 vices
1149 2029 1289 2080 Markland.
1312 2030 1345 2081 ad
1368 2029 1445 2086 seam·

446 2110 505 2159 Silv.
516 2114 548 2168 V,
559 2123 582 2166 2,
596 2123 642 2170 152
654 2110 777 2175 eleganter
788 2107 915 2170 conjedlat,
932 2118 960 2155 ut
971 2099 1081 2155 cineus
1092 2107 1165 2155 etiam
1179 2107 1301 2169 ediderat3
1316 2121 1395 2174 utque
1406 2111 1435 2158 in

445 2204 496 2236 uno
506 2186 625 2235 Arundel.
642 2186 739 2251 legitur.
775 2184 822 2232 Sed
837 2199 881 2232 nec
899 2183 970 2241 male,
987 2183 1099 2248 procellae
1119 2184 1159 2231 seu
1177 2184 1327 2249 tempestatis
1340 2203 1369 2236 ac
1386 2204 1435 2238 uua

366 2295 368 2299 ψ
445 2263 515 2313 bium
533 2262 573 2311 via
590 2278 617 2311 ac
635 2262 697 2312 ratio
717 2271 849 2323 naturaque
869 2270 986 2319 mutatur,
1001 2275 1057 2309 cum
1066 2259 1151 2308 sudum
1163 2259 1200 2319 lit,
1215 2272 1240 2309 et
1250 2257 1435 2314 omnino'mear

445 2345 506 2388 viam
524 2340 682 2405 quodcunque
703 2349 785 2386 movet
799 2336 831 2396 se,
848 2336 964 2401 procedit.
1005 2336 1089 2388 Paullo
1108 2337 1201 2385 diversa
1219 2338 1314 2387 ratione
1329 2343 1372 2388 m'ae
1387 2344 1436 2389 cele*

445 2415 518 2465 dieta
531 2418 621 2479 Georg.
632 2417 663 2473 ΙΙ,
678 2428 725 2475 477
737 2430 782 2479 pro
794 2422 863 2460 motu
874 2411 985 2470 liderum,
1001 2425 1029 2462 ut
1042 2413 1083 2461 via
1098 2413 1163 2473 solio,
1178 2414 1298 2465 fiderum:
1317 2433 1373 2481 qua
1384 2434 1433 2483 pro

445 2481 561 2555 exentplis
578 2490 659 2539 laudat
676 2491 759 2538 Burm.
778 2488 802 2537 h.
823 2487 839 2536 l.
859 2491 933 2535 uvidus
950 2488 983 2537 est
999 2505 1029 2538 ex
1048 2490 1140 2539 Medic.
1171 2492 1265 2539 humidus
1283 2492 1335 2551 alii,
1352 2498 1434 2547 ωἰᾰη

445 2570 702 2630 Romamne—419.
718 2567 794 2630 Dery'et
805 2580 818 2612 e
830 2564 919 2613 Medic.
931 2567 1005 2614 Rom.
1018 2577 1043 2614 et
1053 2563 1192 2618 melioribus
1203 2568 1286 2621 Heius.
1294 2570 1327 2623 cf.
1341 2572 1432 2622 Cerdo.

445 2643 527 2707 Diaefizt
537 2638 619 2706 vulgo.
629 2642 660 2690 cf.
672 2643 721 2706 sup.
741 2642 771 2690 ad
783 2640 839 2699 248.
873 2642 1032 2690 Moxetante
1050 2659 1094 2705 quae
1113 2643 1175 2692 deest
1186 2644 1307 2716 Leidpr,
1339 2659 1433 2713 aveque

446 2721 516 2770 malit
526 2720 629 2784 Kingius
640 2736 677 2785 ap.
695 2718 834 2767 Martinurn
849 2718 875 2766 in
886 2733 953 2784 app„
968 2719 1008 2768 sed
1018 2731 1038 2767 et
1048 2720 1169 2785 saepiffime
1180 2721 1266 2771 eadem
1281 2724 1315 2771 vi.
1350 2728 1433 2780 relaxet

444 2799 511 2847 Ven.
524 2806 548 2844 et
561 2794 779 2853 Zulich.--420.
792 2800 873 2859 pedore
892 2794 993 2843 Mentel.
1006 2812 1044 2860 pr.
1062 2813 1117 2845 cum
1137 2797 1263 2846 duodecim
1274 2799 1328 2848 aliis
1338 2800 1444 2850 Hein'fii'

445 2857 474 2923 et
482 2874 576 2931 Burm.‚
591 2872 651 2920 item
670 2872 779 2921 nonnulli
796 2872 859 2935 apud
871 2872 979 2920 Pierium
990 2884 1014 2920 et
1026 2874 1164 2922 Martinum
1175 2886 1199 2923 et
1211 2876 1289 2925 Goth.
1307 2888 1429 2941 uterque:

445 2950 505 3002 ferri
524 2959 548 2999 et
565 2949 611 2997 hoc
627 2949 833 3013 potest.—-421·
855 2948 975 2996 ‘roncalias
988 2950 1173 3009 (ἤιά-422.
1191 2954 1224 2999 bic
1241 2955 1278 3000 ille
1293 2958 1368 3001 avim
1382 2974 1431 3003 con-1

444 3037 511 3085 tentus
531 3026 619 3074 Medic.
637 3042 652 3073 a
666 3042 701 3074 m.
718 3042 755 3091 pr.
786 3030 855 3094 ouium
873 3028 935 3076 Ven.
970 3031 993 3074 in
1009 3031 1067 3074 auris
1090 3028 1161 3084 malit-
1178 3034 1218 3095 Jo.
1237 3030 1431 3082 Schrader.—

392 3150 398 3170 Ι
446 3119 504 3163 424.
521 3104 559 3151 Sin
571 3102 671 3172 Mentel.
685 3113 808 3153 tertam.
827 3104 873 3153 sec.
906 3107 1009 3169 adsolent
1028 3108 1123 3170 rapidum
1143 3116 1201 3165 tres,
1214 3110 1245 3153 ad
1260 3111 1357 3173 rapido-
1365 3112 1435 3173 sole·

445 3181 540 3234 Monet.
551 3180 639 3244 fragm.
710 3245 713 3250 ⁴

485 3368 617 3429 417-42
622 3370 650 3426 3.
668 3349 783 3419 Verum,
803 3352 850 3410 ubi
864 3372 915 3412 eae·
961 3352 1144 3430 adeoqnelaeti
1159 3351 1300 3423 aonides,
1319 3354 1361 3412 uti
1375 3354 1434 3414 som

447 3426 508 3483 lum
520 3442 547 3484 et
559 3435 607 3485 aer
620 3441 749 3495 mutatur,
763 3445 790 3486 et
802 3437 850 3487 a‘er
863 3432 914 3488 hu·
961 3430 1088 3507 cujusque
1107 3429 1165 3488 diei
1181 3450 1324 3507 rerumque
1343 3446 1435 3489 exter·

445 3503 537 3560 midus
562 3503 646 3561 modo
669 3504 805 3574 densatur,
831 3508 915 3570 modo
961 3526 1057 3564 narum
1070 3508 1193 3565 conditio
1204 3506 1285 3565 ferat:
1299 3507 1344 3566 lta
1355 3509 1432 3567 enim

446 3580 537 3637 rarefit
554 3595 582 3638 et
595 3594 728 3648 tenuatur,
748 3597 848 3639 naturae
866 3585 915 3641 ha·
961 3584 1156 3661 interpretandi
1168 3584 1273 3643 versuo:
1293 3592 1364 3645 Τοῖος
1378 3588 1434 3665 γὰρ

350 3684 357 3705 ;
446 3656 623 3716 rum.avium
658 3657 834 3718 mutationem
865 3661 915 3718 ali·
963 3664 1007 3720 »dos
1035 3662 1081 3725 leli
1116 3661 1262 3739 ἐπιχθονίων
1287 3664 1433 3742 ἀνθρώπων,

466 3752 528 3812 uum
541 3731 665 3802 subeunt,
685 3750 711 3791 et
723 3754 811 3795 motus
825 3737 915 3795 diver·
963 3735 1017 3796 oin
1054 3741 1096 3798 ἐπ’
1126 3743 1194 3817 ἦμαρ
1228 3743 1307 3821 ἄγῃσι
1344 3747 1433 3821 πατὴρ

445 3751 516 3865 iosa
535 3810 672 3885 prioribus
693 3812 820 3873 sentiunt.
860 3816 915 3890 Ju·
962 3816 1046 3893 ἀνδρῶν
1069 3844 1098 3876 τε
1113 3816 1176 3877 ’θεῶν
1199 3841 1245 3887 τις
1266 3835 1294 3877 at
1315 3818 1346 3878 in
1366 3820 1432 3879 Ma-

442 3889 636 3963 piter-denset,
676 3888 821 3949 Tribuitur
838 3892 915 3968 Jovi,
962 3914 1028 3951 rone
1045 3895 1197 3953 animorum
1213 3895 1323 3955 habitus
1343 3911 1433 3956 muta·
1455 3959 1459 3978 ¹

445 3964 521 4039 quod
533 3982 583 4020 nos
595 3964 630 4021 de
644 3964 750 4023 Natura
758 3968 915 4045 pronuntia·
962 3985 1007 4029 tur
1018 3991 1052 4030 ex
1067 3972 1175 4032 tristitia
1186 3972 1222 4030 ad
1235 3973 1359 4032 laetitiam
1371 3994 1434 4033 ver·

444 4059 515 4096 mus.
555 4040 582 4098 Is
593 4047 683 4099 a'e'rem
705 4062 794 4102 rarum
810 4044 915 4114 densat,
961 4046 1012 4107 sus.
1051 4070 1118 4127 423·
1145 4066 1250 4115 ovantes
1270 4066 1375 4130 gutture
1399 4052 1432 4116 h·

367 4133 368 4137 ’
444 4115 558 4174 densum
584 4136 615 4175 ac
641 4139 751 4196 gravem
775 4121 913 4182 rarefacit.
961 4140 1054 4194 cantu,
1074 4129 1269 4186 laetamvocem
1280 4130 1403 4197 edentes.

445 4212 513 4269 420.
530 4195 913 4274 Venanturspeciesanimorum
1000 4224 1115 4281 424-4
1135 4227 1163 4281 7.
1190 4204 1238 4262 Ad
1262 4204 1393 4293 praesagia
1416 4225 1434 4267 e

444 4272 536 4346 paullo
548 4271 625 4329 aliter
633 4292 675 4352 ap.
687 4273 803 4333 Homer.
816 4275 912 4351 Odyff.
960 4281 1032 4338 lunae
1055 4226 1177 4358 phadbus
1199 4294 1227 4341 et
1251 4282 1296 4352 ire,
1315 4301 1378 4360 quae
1399 4284 1433 4343 in

443 4373 475 4411 σ,
499 4368 561 4427 135.
590 4355 643 4425 136
660 4351 829 4410 nobiliiiimis
854 4372 913 4410 ver·
958 4356 1024 4415 solis
1040 4357 1127 4436 specie
1140 4373 1279 4438 apparent,
1287 4361 1434 4438 progredi-

432 4423 530 4481 dibus:
551 4426 614 4483 tales
638 4428 779 4487 hominum
801 4443 914 4498 mentes,
961 4448 1015 4493 tur.
1057 4435 1095 4493 Iis
1115 4436 1187 4495 enim
1209 4435 1367 4504 observatis,
1390 4438 1434 4496 sm

441 4500 482 4559 ita
523 4501 645 4563 homines
683 4505 776 4566 animo
813 4505 914 4579 affecti,
961 4512 1068 4591 quentis
1096 4513 1154 4574 diei
1189 4515 1382 4650 tempestatem.l
1398 4535 1433 4574 ac

1331 4610 1348 4650 c
1382 4612 1431 4659 utu
