3575 5509
564 701 923 787 CODI-CIBUS
962 698 1092 785 MSS.
1237 732 1324 794 uvir

343 943 428 997 cum
443 915 613 991 Gudiano
627 929 663 985 et
680 907 850 982 Mediceo
858 904 1045 980 consentit.
1095 905 1247 986 Videtur
1260 911 1322 990 hic

347 1044 410 1121 effe
420 1045 464 1133 is,
488 1039 551 1138 qui
568 1039 605 1112 in
621 1051 831 1133 apparatum
848 1029 1057 1105 Gudianum
1071 1031 1253 1132 migravit,
1265 1038 1318 1112 cf.

337 1167 409 1244 ins.
426 1167 473 1239 de
486 1179 656 1262 apparatu
672 1156 837 1230 Saxiano.

343 1348 347 1355 .
393 1291 557 1382 bidenfis
573 1283 775 1360 Biblmhecae
792 1281 918 1354 itidem
933 1295 1011 1371 tres,
1034 1285 1129 1381 aJo.
1149 1291 1207 1362 Fr.
1223 1290 1321 1365 Gru.

344 1419 453 1494 novio
485 1409 709 1512 suppeditati,
741 1407 921 1480 vetustatis
948 1410 1094 1484 nomine
1122 1436 1245 1488 omnes
1274 1417 1323 1490 ab

344 1539 498 1617 Heinsio
520 1533 662 1610 laudnti.
724 1530 787 1603 Ab
810 1530 866 1602 his
885 1530 1012 1604 diversi
1036 1531 1134 1607 fuiffe
1156 1537 1322 1613 videntur

344 1670 409 1740 duo
427 1662 598 1754 hidenses,
622 1680 712 1754 quos
730 1652 804 1752 ipsc
821 1652 1041 1728 Burmannus
1056 1658 1221 1734 contulit.
1364 1679 1367 1685 ·

395 1785 519 1859 Codex
535 1781 789 1870 Montalbamiu,
817 1800 928 1873 quem
944 1780 990 1853 ab
1006 1780 1143 1856 Ovidio
1157 1783 1322 1862 Montal.

345 1910 463 1997 banio,
500 1903 633 1979 Philos.
652 1903 748 1979 Prof.
765 1904 862 2003 apud
879 1903 1124 1993 Bononimsts,
1148 1905 1244 1981 dono
1259 1933 1322 1985 ac.

345 2050 487 2130 ceperat
502 2031 684 2123 Heinfius,
707 2049 790 2104 ante
807 2031 844 2104 D
861 2029 991 2102 abhinc
1013 2053 1122 2102 annos
1139 2030 1323 2130 scriptum,

347 2157 447 2254 quod
465 2157 501 2228 in
516 2155 611 2228 notis
626 2155 669 2228 ad
685 2153 770 2230 AEn.
791 2152 835 2242 V,
854 2174 924 2252 522
947 2176 1032 2226 cum
1049 2152 1215 2227 indicaffe
1231 2156 1323 2230 Bur.
1426 2252 1428 2255 Ι

350 2304 501 2356 mannus
516 2279 590 2377 ipse
606 2278 815 2353 observavit.

398 2401 550 2484 Codices,
578 2403 772 2501 Menagiani
801 2403 869 2490 duo,
893 2402 940 2473 ab
969 2399 1118 2499 AEgidio
1149 2403 1324 2507 Menagio

346 2525 496 2602 Heinsio
505 2525 665 2612 conccffi,
681 2548 833 2621 quorum
848 2525 934 2596 alter
948 2523 1153 2599 recentioris
1169 2527 1240 2601 fuit
1254 2555 1323 2605 no-

347 2669 415 2725 tae:
434 2647 558 2724 Heins.
575 2649 621 2721 ad
644 2646 727 2720 AEn.
744 2645 787 2732 V,
805 2645 895 2729 620;
913 2646 1012 2742 prior
1026 2647 1175 2745 optimae
1197 2672 1305 2729 notae.

398 2773 524 2847 Codex
556 2773 764 2868 Pugetianus,
793 2768 856 2864 qui
889 2765 1078 2842 AEncidem
1107 2777 1326 2873 complecit-

348 2896 460 2984 batur,
484 2918 529 2968 cx
544 2893 763 2966 bibliotheca
775 2889 864 2963 Gul·
878 2888 1031 2986 Pugetii,
1046 2892 1084 2964 in
1101 2893 1230 2970 Senatu
1247 2897 1324 2971 To-

348 3017 467 3092 losano
481 3015 664 3113 quondam
678 3013 877 3086 Confiliarii
891 3012 1011 3112 Regii.
1063 3016 1173 3114 Cujus
1186 3021 1325 3092 varian.

349 3160 400 3216 tes
416 3141 585 3215 lcc'tioncs
600 3164 620 3211 a
637 3139 739 3210 Bern.
756 3137 930 3209 Medonio
946 3135 989 3209 ad
1007 3135 1197 3211 Heinfium
1213 3142 1325 3219 miffae

350 3262 620 3355 Burmanninnis
640 3261 734 3333 notis
755 3259 894 3334 insertae
915 3259 1013 3350 sunt,
1048 3279 1216 3335 monente
1234 3264 1325 3340 Bur.

351 3411 480 3460 manno
490 3414 570 3486 jun.

400 3515 517 3588 Codd.
534 3513 648 3592 Balth.
668 3519 795 3591 Mureti
809 3532 961 3616 quatuor.-
984 3517 1078 3592 inter
1085 3541 1174 3616 quos
1188 3522 1324 3618 primus

350 3659 398 3708 cx
428 3638 573 3732 optimis
606 3639 807 3714 habendus:
833 3638 881 3714 cs.
912 3638 997 3711 AEn.
1031 3639 1080 3728 X,
1115 3643 1194 3731 861,
1216 3643 1327 3720 ctiam

350 3760 522 3835 secundus
539 3763 697 3836 melioris
712 3781 819 3836 notae.

397 3884 516 3958 Codd.
532 3888 592 3958 dtu
609 3884 750 3976 Vqfflam'.

406 4011 525 4084 Codd.
556 4013 616 4085 duo
648 4011 796 4102 Ecclestae
827 4010 1093 4109 Hamburgensts:
1130 4013 1326 4094 admodum

350 4136 526 4230 praeclari,
566 4157 602 4208 et
634 4136 724 4208 alter
755 4135 905 4232 quidem
935 4133 981 4208 ad
1014 4133 1223 4211 Modiccum
1255 4139 1329 4216 scre

350 4258 535 4352 exemplar
550 4255 760 4355 descriptus.

401 4375 527 4450 Codex
545 4381 742 4476 Sproetbnus.

399 4501 527 4580 Codex
541 4505 783 4604 Schefferianus.

1072 4627 1332 4725 Fragmentum
