3575 5509
520 618 550 800 Q
645 663 1112 763 normannus.
1269 690 1379 764 ...a

394 886 480 955 utiam
491 882 566 952 locus
578 888 609 948 in
622 886 686 949 AEn.
700 870 772 957 Vll,
791 887 861 969 ¹187,
878 905 961 967 quern
981 884 1029 945 ille
1046 883 1263 967 reprehenderat,
1284 885 1380 949 Gellio

398 980 512 1048 tete-v,
526 985 561 1048 83
581 978 639 1037 fieri
652 991 745 1036 tamen
762 977 817 1034 hoc
831 975 924 1053 potuit
935 974 997 1033 aliis
1008 973 1038 1031 in
1049 973 1161 1045 libellis,
1179 987 1212 1033 ut
1222 977 1253 1034 de
1267 977 1381 1037 Urbibus

396 1070 507 1139 Italicis,
527 1072 557 1127 de
581 1068 698 1130 Familiis
720 1066 852 1147 Trajanis5
871 1084 940 1143 quos
962 1058 1070 1121 Servius
1090 1081 1140 1121 uec
1167 1065 1255 1123 minus
1275 1066 1389 1126 laudat.

396 1158 442 1216 Ex
465 1159 557 1239 priore
579 1155 674 1233 utique
699 1153 773 1212 libro
792 1152 921 1230 petitum·
939 1150 1067 1229 quodin
1092 1150 1187 1210 Servio
1209 1152 1322 1211 habetur
1341 1152 1381 1212 ad

396 1242 463 1306 AEn.
488 1245 516 1313 1,
537 1266 591 1326 277
616 1255 645 1301 et
672 1259 738 1321 53⁰·
765 1238 836 1307 VH,
858 1259 907 1318 47.
959 1233 1065 1301 Nescio
1088 1235 1162 1297 unde
1187 1236 1305 1319 petitum
1334 1242 1381 1312 fit,

398 1334 475 1411 quod
497 1334 528 1391 in
552 1330 648 1394 Servio
668 1327 769 1406 legitur
787 1327 822 1385 ad
843 1324 916 1397 XII,
938 1344 993 1389 120
1004 1340 1032 1386 et
1043 1322 1089 1405 ap.
1101 1326 1161 1404 Ju.
1174 1320 1313 1389 Sabhrssad
1324 1318 1382 1413 Vl,

397 1421 468 1490 616,
507 1438 635 1496 a.401.
1188 1416 1190 1422 '

437 1440 717 1586 Juiirgfhtlargyra
746 1503 857 1564 Scholia
887 1503 919 1562 in
952 1502 1085 1564 Bucolica
1116 1519 1145 1565 et
1179 1503 1320 1586 Georgica
1342 1507 1383 1581 ad

397 1592 648 1664 Valentinianum
665 1594 738 1652 unde
763 1591 894 1671 colligere
924 1591 1001 1661 licet,
1021 1593 1042 1650 sr
1065 1593 1149 1651 modo
1169 1592 1382 1655 Valentinianus

400 1684 538 1762 Augustus
551 1683 573 1742 is
584 1684 631 1753 est,
650 1680 839 1741 Valentiniani
862 1680 936 1759 Imp.
958 1675 1015 1739 aevo
1035 1698 1098 1739 eum
1120 1680 1224 1743 vixisse.
1262 1693 1290 1721 “
1293 1714 1297 1728 *-
1305 1684 1382 1742 Illud

399 1781 423 1811 “
443 1787 514 1831 certe
526 1773 646 1831 constare
658 1769 770 1849 putabat
783 1768 909 1839 Ursinus,
926 1787 990 1827 eum
1003 1785 1059 1827 nun
1073 1771 1156 1849 longe
1167 1792 1184 1831 a
1204 1771 1292 1832 Servii
1303 1787 1383 1835 aetate

400 1870 425 1898 “
444 1860 556 1920 abfuisse
569 1875 597 1920 et
613 1857 731 1936 Virgilii
742 1856 928 1935 chirographo
946 1856 1024 1916 usum
1041 1857 1104 1924 etse,
1122 1872 1153 1916 ut
1174 1876 1209 1917 ex
1229 1861 1286 1938 ejus
1305 1882 1385 1922 corn·

398 1960 423 1990 “
443 1949 578 2009 mentatio
589 1959 714 2027 apparet,
733 1945 765 2002 in
784 1964 840 2023 quo
860 1946 947 2003 multa
966 1944 1140 2022 proferuntur
1152 1965 1186 2004 ex
1198 1947 1234 2006 iis
1244 1948 1384 2029 scriptori·

401 2051 425 2079 ‘⁶
445 2040 508 2106 bus.
527 2038 577 2115 qui
598 2032 768 2112 temporibus
780 2052 835 2090 non
855 2032 906 2090 nifi
919 2032 1277 2111 antiquiflimisextabant.”
1315 2040 1385 2097 Sunt
1429 2093 1432 2097 .

358 2192 360 2196 ¹
401 2127 490 2185 multa
502 2143 563 2204 quae
580 2121 709 2180 adversus
722 2120 780 2179 haec
792 2119 926 2197 disputari
936 2121 1048 2198 poffint;
1069 2138 1125 2179 rem
1139 2134 1230 2181 tamen
1247 2123 1277 2183 in
1290 2120 1385 2186 medio

404 2212 596 2290 relinquimus.
635 2208 739 2266 Extant
749 2226 783 2266 ex
794 2225 827 2266 eo
836 2220 964 2287 excerpta
974 2207 1128 2285 fragmento
1141 2210 1243 2269 vetusto
1255 2211 1386 2271 Serviano

403 2301 505 2363 inferta
516 2314 545 2360 et
554 2300 589 2359 ab
603 2298 704 2357 Uruno
715 2296 862 2375 exscripta.
874 2297 940 2355 vide
949 2297 1007 2376 sup.
1016 2296 1090 2357 Edd.
1106 2317 1118 2356 1
1123 2302 1190 2378 587.
1199 2320 1219 2371 ‘r
1223 2306 1291 2379 589.
1316 2300 1386 2363 Inde

402 2388 434 2449 in
444 2389 489 2450 ed.
503 2386 535 2448 P.
556 2385 681 2446 Danielis
702 2388 777 2447 1600
789 2398 843 2443 eta
857 2386 888 2445 P.
903 2386 1060 2444 Burmanno
1072 2387 1195 2465 repetita.
1235 2387 1385 2449 Notatain
1491 2399 1493 2401 ’

400 2495 464 2538 eom
480 2476 543 2549 sunt
561 2474 723 2534 nonnullas
743 2474 816 2550 Jano
836 2473 1006 2533 Broukhofio
1018 2474 1048 2532 T
1046 2493 1104 2537 om.
1117 2474 1142 2535 I.
1152 2477 1222 2538 edit.
1234 2476 1385 2541 Burmann.

401 2566 468 2624 add.
481 2562 567 2642 ejusd.
580 2561 686 2641 praefat.
702 2566 777 2640 (pag.
790 2566 849 2640 34).
1080 2594 1083 2601 ·
1174 2581 1176 2583 ·
1210 2577 1212 2583 '

405 2719 408 2724 ⁴
443 2652 534 2727 Julius
546 2653 692 2728 Pomponius
705 2650 821 2710 Sabinus.
861 2650 907 2709 De
920 2650 975 2711 hoc
993 2651 1057 2711 satis
1070 2652 1242 2714 multadidia
1252 2654 1385 2738 suutsup.

405 2740 525 2800 adEdd.
542 2740 627 2817 1486,
638 2738 711 2797 unde
724 2737 880 2818 tep.·1519'.
897 2758 980 2817 1544·
997 2744 1066 2819 1561
1083 2742 1157 2801 etal.
1178 2743 1258 2804 Bafil.

443 2829 560 2896 Martius
582 2829 711 2889 Salutaris
732 2846 748 2883 a
766 2826 893 2885 Charifio
915 2825 1022 2888 Putsch.
1045 2848 1073 2905 p.
1098 2833 1164 2897 181,
1182 2834 1226 2889 18.
1265 2853 1334 2911 203,
1346 2841 1387 2913 46

403 2918 440 2977 ad
453 2918 534 2978 verba
547 2915 704 2995 Virgiliana
714 2914 860 2975 excitatur.
900 2914 954 2973 Sed
966 2915 1058 2993 potuit
1076 2915 1131 2974 hoc
1151 2916 1183 2973 in
1200 2934 1283 2998 opere
1293 2943 1386 3000 gram.

405 3006 506 3067 matico
518 3004 615 3064 diverli
630 3002 783 3081 argumenti
796 3003 865 3061 lieri.

443 3094 569 3171 Melffrs.
609 3090 674 3150 Fuit
695 3092 789 3169 utique
808 3084 862 3154 hoc
882 3090 994 3149 nomine
1008 3091 1222 3169 grammaticus:
1241 3095 1344 3175 dequo
1357 3119 1387 3159 v.

406 3182 518 3243 Sueton.
543 3180 584 3240 ill.
609 3180 664 3241 Gr.
688 3200 735 3240 ar.
775 3181 822 3238 An
843 3180 959 3238 veroin
973 3178 1126 3257 Virgilium
1140 3199 1335 3245 commentatus
1345 3187 1388 3257 fit,

406 3272 460 3343 alia
472 3268 583 3349 quaestio
596 3268 643 3327 est.
683 3268 769 3347 Qud
782 3268 855 3346 apud
868 3259 1009 3325 Donatum
1024 3266 1085 3329 Vit.
1097 3267 1179 3348 Virg.
1194 3271 1214 3329 s.
1229 3292 1263 3352 ²7
1278 3274 1388 3334 illecta.

278 3356 280 3359 ⁴
407 3358 482 3416 didit
495 3354 648 3434 Virgilium
662 3356 783 3413 sermone
801 3355 977 3415 tardissimum
990 3356 1078 3426 fuiffe,
1097 3357 1127 3415 in
1141 3358 1218 3418 libris
1230 3363 1388 3441 Ineptiarum

408 3448 537 3526 scripturn
553 3446 603 3504 effe
623 3444 723 3521 potnit.
764 3446 810 3504 Ad
824 3445 891 3504 AEn.
906 3443 976 3513 VII,
989 3446 1027 3506 66
1039 3445 1070 3503 in
1083 3445 1179 3504 Servio
1189 3450 1243 3520 est5
1265 3452 1389 3512 Melissus

410 3545 433 3570 “
453 3536 500 3614 qui
513 3537 548 3594 de
559 3533 657 3610 apibus
669 3532 772 3612 scripsit
781 3537 799 3562 ''
819 3535 871 3595 hoc
885 3533 920 3592 ab
930 3532 1043 3593 indutio
1054 3533 1248 3614 interpolatore
1259 3539 1390 3610 insertum

408 3624 459 3683 else
469 3622 596 3681 arbitror.

430 3715 570 3772 'Modicius
582 3731 598 3767 a
610 3710 733 3767 Pontano
752 3721 780 3767 et
797 3708 888 3767 Cerda
910 3711 1001 3788 paffim
1023 3711 1059 3768 ad
1078 3711 1222 3774 AEneidem
1243 3719 1389 3793 laudatur;

407 3801 468 3859 noli
481 3817 570 3859 tamen
583 3798 655 3856 inter
667 3812 765 3856 veteres
779 3798 980 3858 Grammaticos
992 3819 1053 3857 eum
1066 3800 1174 3861 referre.
1195 3804 1241 3862 Est
1253 3806 1389 3871 Gulielm.

409 3887 552 3964 Modicius
565 3887 626 3945 saec.
640 3883 714 3941 XVI
726 3885 849 3943 exeuntis
860 3893 942 3963 poeta
955 3899 983 3943 et
995 3890 1208 3964 grammaticus,
1231 3894 1279 3973 qui
1301 3898 1390 3978 Virgi.

407 3980 470 4038 lium
482 4000 502 4034 a
511 3975 644 4035 calumniis
656 3974 814 4033 vindicatum
827 3970 940 4051 scripfit.

449 4066 581 4145 dd'giad'um
606 4062 722 4137 Servius
752 4060 865 4131 laudat3
894 4082 951 4119 non
985 4081 1050 4121 vero
1085 4077 1224 4143 tamquam
1255 4090 1391 4149 gramma.

410 4153 510 4221 ticum,
528 4149 578 4229 qui
606 4150 636 4207 in
658 4147 812 4227 Virgilium
834 4163 1032 4210 commentatus
1065 4153 1107 4215 fit.
1146 4155 1392 4232 Ejus‘Commenta-

406 4247 465 4303 eius
485 4238 685 4319 grammaticalis
706 4235 846 4296 indefinite
878 4257 1045 4301 memoratur
1063 4261 1107 4321 ap.
1135 4242 1211 4303 Serv.
1234 4244 1270 4303 ad
1295 4246 1311 4306 1
1333 4246 1391 4311 Ge.

403 4348 526 4497 ’μὴν
543 4413 736 4497 grammaticus
754 4414 847 4499 pailim
865 4415 994 4479 laudatur
1012 4415 1044 4477 iu
1061 4414 1154 4496 Opere
1167 4413 1275 4486 l’utsch.
1304 4422 1392 4523 Qu..

813 4521 814 4525 ’
1320 4524 1392 4573 anter
