3575 5509
402 710 471 767 mr
644 660 1109 769 ‘PRAEFATIO

406 896 528 1007 tiplici
548 892 729 1003 variaque
749 890 942 987 doctrina,
963 919 1051 1002 quae
1071 888 1113 971 in
1130 920 1177 972 eo
1196 893 1293 975 Viro
1312 889 1381 987 est,

405 1054 443 1117 et
460 1019 696 1145 generofiore
718 1034 758 1113 in
788 1028 1090 1115 correctionibus
1123 1014 1272 1144 spiritu,
1300 1063 1392 1116 non.

301 1167 302 1172 ¹
404 1170 723 1267 contemnendas,
753 1172 794 1252 in
832 1172 948 1253 variis
977 1172 1025 1252 ad
1058 1173 1253 1283 Georgica
1285 1173 1381 1254 locis

401 1308 546 1392 inserui
560 1345 573 1400 ς
604 1306 759 1388 miserat
794 1307 901 1387 enim
939 1307 989 1387 ad
1024 1337 1087 1387 me
1116 1309 1189 1411 Vir
1217 1328 1255 1389 et
1283 1307 1381 1389 olim

306 1486 313 1497 ·
404 1447 485 1531 mei
502 1441 690 1526 studiosus'
710 1472 780 1553 pro
799 1418 1065 1522 beneuolentia
1083 1441 1148 1523 sua
1172 1464 1211 1527 et
1241 1443 1384 1526 huma-

337 1573 361 1663 .’
403 1577 525 1662 nitate
544 1577 829 1685 Georgicorum
857 1555 1054 1686 exemplar
1081 1606 1203 1658 manu
1227 1576 1293 1659 sua
1310 1609 1385 1660 no-

405 1732 531 1795 tatum
550 1742 593 1794 ea
611 1713 709 1823 lege,
739 1731 797 1808 ut,
818 1711 905 1821 qu'ae
924 1712 1014 1792 inde
1033 1713 1165 1793 tollere
1184 1730 1249 1792 aut
1264 1715 1383 1794 relin-

405 1879 523 1964 quere
541 1851 698 1943 vellem,
718 1849 935 1930 libertatem
954 1848 1109 1931 faceret.
1230 1843 1232 1848 ’

462 1990 515 2073 Et
532 1988 720 2070 haetenus
751 1972 914 2099 quidem
937 1987 985 2067 de
1004 1973 1205 2070 conatibus
1225 1987 1322 2067 meis
1342 1968 1384 2065 in
1426 2014 1428 2016 ’

406 2127 535 2243 ipsum
564 2099 740 2239 po'e'tam.
798 2099 946 2223 Restat,
965 2145 1009 2207 ut
1026 2125 1191 2208 breviter
1213 2126 1388 2212 indicem

407 2295 467 2360 ea,
489 2293 577 2376 quae
596 2262 688 2344 huic
707 2262 925 2373 praefationi
957 2262 1129 2373 subjeeta
1147 2261 1247 2343 sunt.
1301 2264 1387 2343 Pri-

407 2430 537 2497 mum,
556 2428 646 2479 cum
665 2400 853 2480 variantes
872 2399 1060 2480 lediones
1078 2427 1126 2479 ex
1141 2396 1228 2477 satis
1241 2426 1385 2507 magno

409 2539 590 2621 codicum
608 2535 838 2647 scriptorum
853 2568 1015 2620 numero
1026 2537 1241 2619 excitandae
1254 2534 1386 2628 effenu

409 2706 578 2788 quorum
607 2697 648 2757 ut
683 2677 764 2771 alii,
796 2677 865 2787 qui
898 2675 1062 2758 eandem
1092 2662 1251 2757 mecum
1268 2676 1387 2755 telam

410 2830 492 2916 non
510 2815 729 2910 detexuere,
759 2815 954 2910 notitiam,
974 2839 1011 2895 et
1030 2834 1175 2925 quanta
1201 2811 1389 2924 cujusque

409 2954 617 3036 auctoritas
634 2951 739 3049 effet,
768 2953 808 3033 in
840 2954 999 3061 promtu
1028 2925 1225 3045 haberbnt,
1254 2948 1388 3060 postu-

409 3092 480 3174 lari
511 3119 590 3173 non
626 3108 807 3201 poterat}
842 3085 1108 3195 subjungenda
1142 3106 1221 3165 erat
1255 3088 1388 3196 aliqua

411 3257 550 3308 eorum
568 3228 718 3305 notatio
736 3244 774 3303 et
798 3219 1016 3329 descriptio,
1045 3223 1087 3300 in
1119 3204 1198 3330 qua
1228 3209 1385 3317 deinde,

409 3383 454 3445 ut
471 3361 529 3454 fit,
544 3389 626 3442 non
645 3360 764 3439 modo
784 3358 969 3437 nonnulla
986 3356 1210 3467 diligentius
1225 3357 1384 3454 excuffi‚
1447 3411 1449 3416 f

303 3478 304 3481 Ἴ
345 3589 349 3600 Ι
409 3525 500 3608 quae
520 3496 568 3576 ad
583 3483 726 3575 horum
742 3493 923 3573 codicum
942 3483 1142 3575 historiam
1155 3493 1385 3605 spectarent,

292 3691 294 3694 .
408 3634 683 3720 verumetiam
702 3627 816 3712 altiue
835 3660 919 3712 rem
938 3630 1096 3714 exorsus
1118 3632 1218 3730 sum,
1236 3655 1278 3715 ut
1297 3665 1387 3715 om-

385 3840 396 3848 i.
408 3774 504 3852 nino
518 3768 565 3849 de
582 3768 777 3849 codicibus
798 3771 1025 3877 quaere'rem,
1039 3784 1209 3880 quorum
1225 3772 1388 3882 quidem

315 3905 317 3909 ’
400 3934 585 4015 unquam
603 3904 650 3985 ab
669 3905 879 3986 editoribus
909 3909 1068 4017 Virgilii
1088 3888 1330 3989 mentionem
1349 3928 1387 3988 et

408 4035 592 4125 notitiam
605 4039 750 4123 factam
770 4042 956 4122 videram.
989 4046 1036 4123 In
1050 4072 1169 4154 quam
1184 4024 1388 4125 commen.-
1456 4141 1457 4144 Ἴ

408 4179 598 4259 tationem
616 4170 710 4258 cum
729 4176 847 4258 semel
862 4156 1157 4287 ⁴incidiffemJeo
1172 4180 1388 4263 dedudtum

342 4314 344 4319 ’
406 4343 471 4402 me
488 4316 585 4408 vidi,
615 4335 658 4395 ut
677 4317 717 4394 in
733 4342 794 4391 eas
811 4313 1001 4395 editiones
1017 4316 1268 4427 inquirerem,
1299 4348 1388 4429 quae

280 4437 313 4482 ⁷
405 4480 454 4535 ex
482 4450 679 4533 codicibus
710 4448 859 4564 scriptis
892 4451 1044 4534 excusae
1074 4473 1139 4535 aut
1172 4457 1388 4535 emendatae

268 4734 398 4805 Α..

1315 4590 1389 4675 effe
