3575 5509
623 697 1175 812 ¹rzurrrorunus.
1229 673 1231 678 ’
1345 742 1399 796 er

412 905 419 915 “
447 908 570 971 Tandem
584 908 643 970 Nic.
656 910 786 988 Heinstus,
805 908 903 970 divino
912 912 1033 989 quodam
1043 912 1178 973 beneficio
1191 911 1282 992 po'e‘tir
1293 916 1398 979 Roma.

406 1001 452 1060 nis
472 1000 615 1080 sospitator
625 1001 716 1068 datus,
736 1001 772 1058 ad
785 999 940 1078 Virgilium
952 1002 1165 1062 confiituendum
1178 1006 1299 1065 accedit:
1319 1013 1398 1087 cujur

405 1090 541 1150 editiones
554 1103 598 1167 ap.
612 1089 768 1149 Elzevirior
786 1094 871 1165 1664,
894 1110 938 1149 12.
957 1092 1042 1169 1671,
1059 1093 1141 1170 1676.
1165 1096 1236 1154 1688
1247 1095 1342 1175 saepius
1353 1118 1397 1157 re·

404 1183 497 1261 petitae
516 1198 544 1242 et
556 1183 591 1240 ab
603 1181 777 1259 sequentibus
788 1180 940 1239 editoribus
952 1181 1009 1240 fere
1022 1184 1161 1251 omnibus,
1184 1186 1265 1246 etiarn
1279 1208 1294 1245 a
1309 1189 1396 1249 Ruaeo

404 1271 439 1330 in
448 1273 516 1333 edit.
530 1271 660 1340 secunda,
675 1273 815 1347 ¹tamquam
828 1271 921 1350 regula
933 1286 1052 1349 acceptae
1064 1273 1135 1342 sunt,
1156 1274 1190 1331 ad
1203 1295 1285 1352 quam
1298 1277 1396 1357 Virgi-

374 1427 377 1434 ¹
405 1360 481 1420 liana
495 1363 578 1421 lectio
590 1361 754 1440 exigeretur.
796 1361 937 1440 Postquam
954 1377 1043 1420 tamen
1058 1362 1089 1421 P.
1115 1363 1286 1423 Burmannus
1297 1366 1395 1429 scrinia

407 1449 558 1508 Heinsrana
570 1463 781 1527 recuperaverat,
802 1448 949 1507 Burmanni
961 1449 1108 1527 diligentia
1120 1472 1191 1514 nova
1201 1452 1294 1512 saltem
1315 1457 1396 1517 rariae

405 1538 533 1597 lectionis
545 1538 620 1607 silva,
638 1552 666 1594 et
676 1535 774 1594 critica
786 1535 816 1593 in
826 1538 957 1595 nonnulla
965 1538 1026 1595 loca
1037 1540 1158 1598 {tritiora
1171 1542 1284 1600 subnata
1294 1546 1341 1603 cll.

447 1626 524 1683 Inter
543 1626 600 1683 haec
611 1624 812 1693 commentandi
825 1640 853 1682 et
865 1624 1015 1683 illustrandi
1029 1628 1138 1686 ratioet
1151 1629 1209 1707 ipsa
1221 1630 1293 1689 inter
1303 1636 1393 1693 varias

404 1713 597 1774 viciffitudinea
618 1713 748 1773 llustavit.
789 1713 849 1771 Post
869 1715 991 1792 quinque
1014 1714 1190 1785 Commenta,
1209 1722 1391 1796 quaesubsae-
1482 1737 1489 1752 ·

403 1802 460 1861 culi
483 1803 543 1861 XV
565 1802 672 1862 exitum
695 1800 869 1881 prodierant,
889 1802 984 1880 saepius
1005 1804 1117 1880 repetita
1140 1805 1169 1863 in
1193 1808 1259 1867 edd.
1299 1811 1392 1872 saeculi

403 1889 489 1961 XVI,
511 1892 635 1971 regnavit
657 1889 820 1949 Ascenstana
839 1891 1002 1956 elucidatio,
1022 1894 1200 1969 grammatica
1213 1898 1268 1954 fere
1286 1893 1391 1960 ac'rhe-

401 1980 501 2050 torica,
514 1994 542 2038 et
554 1982 589 2037 ad
604 1980 694 2038 Servii
707 1980 863 2055 exemplum
875 1979 1010 2036 instituta.
1049 1980 1109 2056 Ipse
1119 1980 1228 2040 Servius
1241 2004 1295 2042 non
1309 1992 1392 2048 modo
1443 1970 1446 1986 Ι

402 2069 502 2127 affidue
511 2068 667 2143 legebatur,
688 2087 781 2125 verum
794 2080 821 2123 et
831 2081 1057 2125 commentatores
1066 2068 1127 2126 suos
1135 2083 1193 2127 erat
1205 2073 1317 2142 cadosa
1335 2060 1393 2154 ipse

401 2170 495 2215 tamen
515 2158 593 2216 vitiis
611 2155 813 2233 coinquinatus,
832 2156 933 2213 donec'
946 2156 1140 2213 recentioribus
1159 2158 1279 2217 virorum
1298 2161 1393 2221 dotto.

402 2264 465 2303 rum
485 2243 579 2303 studiis
591 2244 790 2302 emendaretur.
832 2242 915 2301 Probi
927 2244 1175 2313 commentariolus,
1199 2267 1271 2326 1507
1286 2249 1322 2307 ab
1335 2250 1392 2330 Eg.

402 2332 480 2392 natio
502 2335 639 2411 vulgatus,
659 2352 713 2391 non
732 2332 823 2410 magni
848 2332 910 2391 usus
932 2334 982 2390 effe
994 2348 1109 2410 poterat.
1149 2334 1254 2394 Donati
1272 2358 1326 2397 non
1339 2343 1391 2402 niti
1438 2326 1443 2336 ’

400 2422 550 2501 fragmenta
573 2421 742 2480 habebantur
766 2420 831 2479 inde
851 2441 878 2480 a.
906 2425 991 2501 1489,
1011 2422 1098 2481 donec
1127 2423 1233 2502 plenior
1264 2426 1391 2488 Donatus

348 2569 351 2579 ,
398 2511 521 2594 prodiret
530 2513 620 2589 Neap.
637 2532 670 2588 ις
675 2530 722 2587 35,
736 2510 863 2588 repetitus
877 2529 893 2566 a
914 2508 1043 2569 Fabricio
1061 2532 1130 2592 1551
1147 2514 1389 2597 Bafileoe,'poetam

399 2603 436 2660 ad
466 2602 601 2660 rhetorica
626 2614 759 2678 praecepta
782 2599 905 2677 exigens.
945 2600 1015 2676 Julii
1041 2600 1137 2660 Sabini
1167 2599 1389 2668 Commentarios

403 2682 479 2764 ³1486
491 2688 578 2746 editos
590 2689 680 2745 minus
700 2680 881 2763 frequentatos
896 2688 946 2745 elle
955 2708 989 2745 ex
999 2690 1135 2767 paucitate
1147 2693 1323 2770 repetiturum
1339 2717 1388 2755 ex-

400 2773 561 2852 emplarium
583 2775 698 2853 colligo.
741 2773 831 2832 Serius
850 2775 954 2831 acceffit
976 2776 1163 2855 Philargyrius
1178 2784 1247 2859 1587
1260 2796 1287 2839 et
1303 2785 1388 2844 1600.

398 2859 434 2919 In
457 2862 574 2922 Scholiis
588 2862 731 2921 Torrenn'ni
742 2861 887 2919 familiaris
900 2862 1031 2939 exposrtio
1045 2864 1156 2942 ingenia
1169 2884 1314 2945 puerorum
1327 2894 1389 2931 cor-

397 2952 485 3031 rupit,
504 2951 617 3034 fingulis
636 2951 693 3010 fere
715 2950 792 3008 annis
814 2950 878 3008 inde
905 2971 920 3007 a
938 2954 1146 3030 14961epetita.
1186 2956 1335 3016 Substituta
1354 2960 1390 3029 iia

398 3037 463 3099 inde
475 3061 491 3097 a
509 3062 539 3120 ις
544 3061 580 3120 39
590 3040 723 3117 Erytbraei
733 3038 835 3096 scholia
844 3058 908 3095 cum
923 3038 1014 3095 indice
1028 3040 1174 3108 sexcenties
1190 3046 1308 3114 excusa;
1328 3063 1389 3106 tum

398 3154 456 3189 van
469 3131 561 3207 ngen
576 3129 678 3187 scholia
699 3127 763 3185 inde
785 3148 801 3185 a
818 3132 901 3211 ¹57⁶·
943 3126 986 3184 Ex
999 3127 1042 3185 his
1066 3129 1215 3188 triumviris
1231 3134 1390 3213 plerumque

397 3218 521 3277 doetrina
537 3217 693 3276 scholastica
715 3216 854 3294 pependit,
874 3236 889 3273 e
912 3236 966 3293 qua
986 3217 1056 3274 adeo
1069 3217 1171 3301 dirinae
1190 3221 1312 3297 poetices
1328 3244 1389 3283 om·

397 3306 493 3385 nisque
514 3306 658 3365 venustatis
676 3320 703 3363 et
716 3304 930 3390 pulchritudinis
942 3303 1031 3363 sensus
1043 3319 1071 3362 et
1088 3326 1122 3363 ex
1135 3307 1252 3367 letiione
1265 3314 1388 3391 voluptas

398 3394 503 3468 sublata
520 3397 571 3454 esse
591 3395 696 3453 debuit.
738 3393 785 3451 Ad
807 3392 923 3471 puerilia
943 3394 1062 3471 deprelia
1083 3394 1136 3452 fuit
1159 3396 1241 3455 Rami
1263 3420 1344 3479 opera
1357 3403 1387 3463 iu

398 3479 470 3541 Buc.
489 3499 516 3541 et
529 3484 585 3542 Ge.
613 3504 622 3540 1
630 3506 645 3563 ς
650 3503 697 3562 51,
717 3482 752 3539 ad
774 3501 833 3559 quae
844 3482 901 3539 duo
913 3482 1035 3540 carmina
1046 3484 1158 3541 omnino
1172 3488 1230 3562 plus
1251 3489 1332 3546 studii
1346 3506 1387 3549 at·

398 3571 486 3631 tulere
496 3572 628 3639 homines,
648 3569 714 3647 quia
733 3569 843 3647 puerilis
864 3569 997 3628 institutio
1016 3570 1046 3627 in
1063 3570 1097 3627 iis
1116 3574 1235 3632 maxime
1254 3596 1388 3657 occupata

398 3661 467 3720 erat.
508 3659 584 3717 Hinc
617 3659 737 3717 subnatae
764 3656 883 3735 Philippi
908 3657 1131 3715 Melanchtlronir
1156 3661 1387 3725 adnotatiunculae

398 3737 494 3828 ‘r'53l3
514 3743 652 3809 Willichli
675 3743 778 3803 scholia
802 3763 872 3823 1535
897 3757 925 3800 et
949 3765 1043 3823 15393
1064 3744 1146 3803 Lucii
1167 3747 1248 3823 Vivis,
1268 3750 1298 3806 in
1318 3754 1387 3813 Buc.
1423 3759 1428 3770 '

396 3834 584 3914 interpretatio
610 3834 695 3912 1537,
715 3831 764 3908 qui
788 3848 817 3888 et
834 3831 973 3907 allegoriis
983 3832 1110 3903 indulfit;
1132 3834 1387 3918 Camerarii1556,

397 3938 455 3984 tum
470 3925 576 3985 Nicod.
601 3918 1023 3998 Frischliniparapbralis158o.
1053 3926 1138 3981 1602.
1180 3923 1268 3981 Serius
1280 3927 1315 3983 ad
1336 3928 1388 3984 ΙΕ-

395 4013 504 4071 neidem
522 4010 693 4092 perventum,
713 4006 832 4087 primum
842 4005 871 4065 in
896 4005 1037 4085 Hartungi
1059 4008 1191 4070 Annotat.
1221 4032 1306 4091 1551,
1326 4030 1387 4073 tunt

396 4098 505 4157 Nannii
526 4114 554 4157 et
577 4096 718 4157 Hortensii
744 4115 754 4153 1
761 4114 818 4175 559
838 4108 867 4153 et
883 4094 1071 4153 Nascimbaeni
1089 4117 1099 4153 r
1105 4099 1171 4176 596.
1211 4097 1279 4157 Non
1294 4116 1387 4162 carent

395 4186 439 4244 llli
453 4186 532 4245 dotia
544 4182 714 4252 subtilitatet
735 4202 830 4242 verum
841 4182 979 4261 judicium
990 4198 1018 4242 et
1032 4184 1121 4242 sensus
1134 4186 1270 4263 elegantia
1283 4188 1317 4244 ab
1331 4188 1386 4248 illic

395 4275 480 4333 abest.
519 4274 703 4332 Cumulantur
715 4290 822 4348 quoque
841 4271 941 4349 partim
955 4272 1088 4349 vulgaria,
1108 4272 1207 4348 partim
1222 4272 1356 4333 rhetorica
1369 4296 1386 4333 a

394 4364 481 4443 genio
493 4362 521 4422 et
543 4361 635 4419 indole
654 4360 776 4439 poetices
791 4361 888 4421 aliena.
919 4359 1122 4418 Grammatica
1135 4360 1205 4417 ratio
1217 4360 1289 4418 intra
1305 4364 1386 4421 verba

394 4468 422 4514 et
440 4451 573 4512 formulas
595 4449 862 4517 subfistens‚.meti0r
878 4466 969 4508 tamen
981 4465 1009 4507 et
1021 4448 1188 4525 castigatior,
1208 4448 1260 4506 fuit
1274 4449 1303 4506 in
1317 4472 1384 4508 uon-

393 4542 477 4603 nullis
499 4562 536 4602 ex
557 4538 613 4608 hir,
632 4541 690 4598 turn
711 4538 740 4596 in
756 4537 841 4597 Paulli
852 4536 977 4597 Manutii
989 4535 1214 4596 adnotationibus
1226 4536 1385 4615 marginali-

1332 4623 1384 4685 bur
