3575 5509
657 703 748 777 ιιι)
806 641 1239 776 Buconica}
1347 684 1413 807 187

424 925 480 983 que
500 904 584 963 modo
605 906 663 980 ejus
685 922 793 962 carmen
813 901 907 959 saltem
927 901 1081 961 imitatione
1100 902 1263 981 expressisse:
1285 903 1361 982 prius
1374 891 1414 962 ta·⁸

427 1014 489 1052 men
519 995 586 1052 illud
610 992 720 1051 tradunt
746 991 941 1049 Grammatici.
992 988 1133 1071 Qaeritur
1159 1012 1242 1061 nunc,
1276 994 1415 1071 quodnam

350 1086 351 1090 ’
430 1080 613 1159 Euphorionis
631 1102 698 1159 opus
719 1081 772 1139 boc
790 1080 881 1138 fuerit.
920 1080 954 1137 In
967 1079 1013 1137 vll.
1027 1081 1070 1137 his
1084 1081 1120 1156 69
1138 1080 1198 1157 sqq.
1211 1081 1272 1141 Ecl.
1287 1082 1331 1139 VI
1344 1083 1416 1140 Gal·

426 1171 480 1242 lus,
495 1172 634 1232 Musarum
646 1170 727 1247 jussu,
749 1188 765 1226 a
785 1168 859 1227 Lino
879 1168 1009 1227 traditam
1029 1167 1079 1226 sibi
1096 1168 1199 1246 accipit
1219 1170 1345 1245 fistulam.
1362 1192 1422 1251 quq

427 1261 528 1339 Grynei
546 1271 648 1319 nemoris
671 1266 788 1337 originem
811 1273 899 1338 canat.
940 1256 984 1313 De
1005 1258 1117 1316 oraculo
1139 1258 1192 1315 hoc
1219 1259 1358 1338 Apollinis
1375 1252 1419 1318 fa-¹

428 1348 500 1409 bule
514 1366 624 1425 potuere
635 1349 684 1406 esse
697 1347 803 1424 plures;
824 1346 899 1405 suere
919 1365 1027 1425 quoque
1048 1340 1078 1404 in
1102 1344 1137 1405 iis
1159 1348 1246 1424 multa
1265 1350 1300 1406 de
1313 1348 1437 1427 Mopso‘

429 1454 456 1497 et
478 1439 628 1497 Calchante
652 1438 702 1513 (cs.
726 1436 798 1495 Not.
816 1434 851 1492 ad
873 1436 933 1494 Eel.
958 1433 1013 1504 VI,
1034 1439 1096 1514 72),
1115 1433 1208 1513 potuit
1228 1454 1272 1493 eas
1294 1436 1418 1515 persequi

432 1529 530 1587 Gallus
550 1528 668 1587 carmine
693 1526 728 1584 ad
750 1524 934 1603 Euphorionis
956 1524 1109 1603 exemplum
1135 1524 1306 1627 composito:
1326 1525 1418 1605 potuit

427 1636 541 1716 quoque
560 1618 608 1675 esse
629 1613 811 1695 Euphorionis
836 1614 906 1673 liber
928 1614 962 1671 de
981 1613 1035 1671 illo
1049 1613 1127 1683 sano,
1146 1615 1223 1691 cujus
1239 1615 1274 1673 ad
1292 1635 1343 1675 nos
1360 1635 1417 1690 mo·
1446 1653 1452 1662 ⁴

433 1707 520 1764 moria
541 1707 615 1765 nulla
636 1703 770 1784 pervenit,
790 1708 871 1782 quem
897 1702 996 1761 Gallus
1018 1702 1112 1760 latinis
1134 1704 1252 1772 versibus
1276 1705 1416 1779 reddidit;

393 1814 407 1834 ·
432 1792 601 1857 verisimilius
620 1808 710 1853 tamen
730 1794 778 1860 est,
798 1791 873 1849 fuisse
893 1792 1054 1869 particulam
1067 1790 1275 1870 Chiliadisaragl
1293 1801 1418 1872 χςησμῦι

431 1903 448 1941 a
462 1883 546 1944 Gallo
569 1884 652 1944 latine
670 1880 835 1941 conversam.
875 1880 951 1938 Inter
967 1879 1020 1936 alia
1032 1879 1106 1937 enim
1123 1881 1233 1945 oracula
1245 1881 1329 1943 etiam
1339 1885 1417 1963 Gry.

398 1998 401 2004 ·
433 1973 478 2030 nei
503 1973 600 2033 debuit
623 1970 784 2031 memoratio
809 1969 878 2029 fieri.
919 1967 1055 2046 Suspicari
1081 1988 1188 2045 quoque
1207 1969 1306 2049 aliquis
1330 1975 1419 2052 possit,

434 2060 525 2137 Mopsi
549 2081 648 2119 nomen
665 2062 746 2118 latere
769 2057 799 2115 in
819 2077 888 2115 voce
910 2070 1037 2134 corrupta
1055 2056 1199 2125 'masmim
1218 2072 1246 2117 et
1267 2059 1345 2119 suiffe
1363 2068 1419 2131 rq3.
1512 2093 1514 2097 ·
1537 2091 1542 2095 -

435 2148 479 2218 da
500 2154 556 2216 sna,
580 2163 627 2207 aut
656 2148 827 2217 Modoirnoo.
879 2147 954 2204 Inter
979 2148 1035 2204 haec
1055 2148 1133 2204 restat
1157 2145 1313 2218 difficultas,
1343 2154 1419 2230 quod

436 2253 491 2293 non
505 2232 621 2315 intelligi
634 2240 728 2316 potest,
748 2236 880 2313 quidnam
892 2234 923 2293 in
943 2233 1031 2293 simili·
1043 2253 1125 2312 opera
1147 2235 1226 2293 Galli
1246 2236 1282 2295 ab
1295 2238 1421 2301 Hesiodo

437 2338 590 2386 mutuatum
611 2330 661 2386 esse
681 2324 819 2405 potuerit:
841 2345 903 2383 nam
928 2327 970 2381 H
960 2326 1048 2400 fiodea
1058 2324 1149 2403 fistula
1174 2326 1232 2385 haec
1255 2347 1351 2389 canere
1375 2332 1420 2392 di·

435 2407 519 2474 citur.
572 2416 684 2475 Necesse
723 2416 814 2493 itaque
838 2416 885 2481 est,
915 2413 1119 2492 Euphorionem
1144 2414 1238 2493 ipsum
1256 2417 1420 2493 Hefiodum,

437 2500 486 2559 sub
500 2524 575 2582 quus
587 2525 716 2564 nomine
707 2506 916 2576 summovisset
936 2502 1080 2575 Manapml
1080 2503 1109 2560 ia
1126 2504 1194 2562 ohan
1206 2504 1353 2580 serebatur
1372 2528 1420 2571 ex·

437 2594 548 2670 preshsie
559 2596 691 2654 creditum
704 2597 763 2654 esse.
1327 2620 1332 2625 ·

479 2682 686 2745 Fontaninusl.
705 2704 731 2743 e.
751 2703 821 2741 miro
832 2702 955 2742 acumine
972 2682 1051 2761 plura
1063 2681 1142 2741 Galli
1160 2684 1421 2749 carminaexverfi-

437 2772 488 2860 bqs
515 2772 677 2852 Virgilianis
702 2772 862 2851 exsculpsit:
884 2792 919 2830 ex
941 2794 969 2831 v.
996 2771 1108 2851 quidem
1133 2792 1170 2852 70
1196 2774 1326 2854 colligere
1349 2780 1422 2853 vult,

436 2879 500 2921 eum
523 2863 638 2923 latinum
670 2862 760 2921 fecisse
784 2860 937 2920 Hesiodum
958 2860 1154 2939 Euphorionis,
1183 2881 1218 2920 ex
1243 2884 1270 2924 ι.
1297 2886 1333 2945 73
1358 2886 1422 2929 eum

440 2953 544 3011 vertisse
567 2954 650 3012 latine
667 2951 836 3021 Chiliadem,
857 2964 917 3009 tum
937 2970 972 3008 ex
994 2971 1021 3007 ιι.
1048 2969 1088 3030 74
1111 2950 1237 3030 scripsisse
1256 2972 1320 3013 eum
1342 2956 1423 3014 sabn

439 3041 494 3099 lam
515 3042 612 3120 Scyllae
630 3043 780 3122 utriusque,
795 3060 912 3120 quarum
933 3040 1044 3127 alteram
1067 3038 1221 3117 superesse
1213 3059 1244 3098 tn
1269 3041 1334 3101 Ciri
1355 3044 1423 3105 Vir·

439 3129 510 3208 gilio
532 3133 619 3192 tribui
643 3132 721 3192 solita
738 3130 891 3199 contendit,
910 3143 938 3187 et
957 3122 984 3187 ιι.
1005 3148 1041 3209 77
1065 3126 1185 3186 fabulam
1204 3128 1289 3188 Terei
1311 3146 1338 3191 et
1359 3132 1423 3193 Phi

439 3218 554 3280 lomelae.
606 3220 677 3281 Haec
709 3235 801 3280 tamen
833 3220 867 3276 ad
906 3216 991 3276 Sileni
1026 3234 1134 3274 carmen
1159 3217 1286 3294 spectare,
1311 3221 1425 3283 meliore

441 3306 657 3386 interpretatione
678 3311 758 3370 facile
781 3308 889 3369 edoceri
923 3299 1029 3387 poterat
1057 3305 1100 3363 vir
1129 3305 1303 3367 dosiiffimus.
1341 3311 1425 3373 Citio
1546 3323 1551 3330 ’

443 3397 530 3457 Gallo
541 3400 721 3460 inindicarant
744 3414 772 3459 et
793 3400 854 3500 alii,
873 3400 946 3459 inter
966 3415 1035 3477 quos
1057 3395 1201 3455 Gisanius.
1220 3397 1280 3458 vid.
1305 3392 1424 3465 Prooerir.

416 3486 478 3543 ‘ad
492 3487 585 3546 Cirin.

483 3577 619 3637 Caeterum
655 3578 851 3658 Euphorionis,
897 3591 929 3637 ut
973 3590 1132 3636 ceterorum
1175 3577 1425 3641 Alexandrinorum

442 3671 596 3744 poetarum,
616 3687 715 3747 magna
734 3667 788 3729 suit'
808 3672 905 3737 Rornae
922 3669 1072 3725 hacaetate
1098 3664 1280 3724 existimatio:
1306 3683 1335 3727 et
1357 3660 1441 3743 inde*

442 3756 658 3834 interpretandos
679 3757 728 3815 esse
750 3758 843 3817 censeo
865 3774 974 3816 cantores
995 3754 1157 3831 Euphorionis
1177 3773 1222 3833 ap.
1247 3754 1312 3816 Cic.
1338 3759 1424 3819 Tusc.

445 3844 501 3915 Ill,
525 3865 571 3924 19,
590 3864 646 3903 non
666 3860 803 3924 tamquam
827 3845 917 3903 mollis
940 3843 1053 3920 alicujus
1071 3848 1162 3921 poitae
1181 3858 1336 3921 amatorest
1364 3865 1441 3927 quae'

445 3934 634 4013 interpretatio
668 3934 845 3995 fundamento
869 3934 970 3992 idoneo
1006 3946 1090 3999 caret,
1122 3951 1186 3991 cum
1224 3936 1288 4011 ejus>
1306 3938 1428 3997 carmina

444 4026 577 4083 amatoria
611 4024 688 4081 nulla
723 4026 836 4103 usquam
880 4036 1133 4082 commemorentur.
1194 4024 1234 4082 At
1264 4024 1430 4085 obscuritate

443 4126 521 4183 eum,
539 4128 568 4173 et
591 4113 703 4191 quidem
725 4133 759 4171 ex
791 4114 923 4173 dosirinae
946 4112 1035 4190 copia,
1064 4129 1119 4167 non
1143 4110 1233 4170 minus
1258 4131 1340 4189 quarn
1363 4114 1431 4173 Cal·

446 4202 644 4264 simachumb
666 4206 700 4262 A’
701 4230 739 4262 τιο
724 4206 808 4264 'eet
831 4201 1053 4280 Lycophronem‚
1072 4199 1210 4270 laborasse,
1236 4202 1280 4258 vel
1304 4220 1338 4259 ex
1364 4201 1429 4262 cic.

447 4291 564 4353 deDiv.
578 4292 618 4360 ΙΙ,
638 4299 687 4368 64,
707 4308 735 4353 et
758 4293 849 4351 Clem.
879 4292 983 4349 Strom.
1005 4290 1045 4359 V,
1063 4309 1092 4366 p.
1114 4294 1171 4388 eps
1196 4305 1294 4346 notum
1316 4289 1364 4360 est,
1382 4292 1431 4350 etsi
1527 4273 1534 4283 ’

448 4379 486 4437 ob
506 4382 594 4440 hanc·
601 4380 713 4441 eandem
738 4382 929 4443 obscuritatem
954 4380 1113 4460 probaverat
1129 4361 1162 4436 'se
1183 4377 1301 4435 Tiberio
1319 4375 1432 4440 cesari.

447 4471 507 4533 rid.
521 4473 596 4534 Suet
588 4493 728 4568 cap..70

883 4563 887 4572 ’
1054 4624 1058 4628 -
1167 4588 1460 4671 excursus¹
