3575 5509
543 705 1149 795 ΔΝονᾹῑ·ΕυῐτῐοΝιε.
1243 748 1337 805 xvn

339 918 447 1000 dum
469 919 647 1000 criticam
681 919 935 1003 subtilitatem
972 924 1157 1035 sequeris,
1188 931 1335 1026 videre,

338 1060 445 1169 -quid
458 1086 513 1137 ex'
521 1058 688 1167 poe‘ticae
703 1062 890 1141 orationis
904 1064 1022 1170 genio
1039 1072 1156 1171 potita
1172 1066 1331 1166 dixerit,

344 1196 525 1305 quidque
551 1191 833 1303 phantasmatis
857 1195 1008 1306 postici
1042 1201 1140 1280 ratio
1163 1178 1331 1311 objicere

298 1351 301 1356 ·
341 1331 431 1439 ejus
461 1334 597 1413 animo
632 1330 830 1412 debuerit:
879 1364 1000 1430 nunc,
1030 1340 1164 1419 minus
1209 1370 1330 1449 quam

341 1462 469 1563 antea,
499 1468 641 1549 criticis
674 1466 737 1548 seu
763 1474 1028 1579 grammaticis
1048 1472 1327 1560 subtilitatibus

339 1604 571 1714 implicitus,
600 1607 779 1687 animum
796 1607 975 1689 liberiore
994 1609 1107 1691 cursu
1136 1614 1187 1695 ad
1208 1614 1327 1722 ipsum

336 1751 482 1851 postam
500 1741 665 1837 intendi,
693 1764 738 1823 ut
757 1744 875 1825 totius
894 1748 1077 1826 carminis
1097 1746 1326 1857 descriptio-

339 1907 447 1974 nem,
476 1883 649 1990 partium
666 1879 913 1987 consensum,
942 1884 1199 1964 inventorum
1231 1882 1323 1965 son-

337 2033 433 2109 tem,
463 2035 508 2095 et.
533 2016 703 2096 inventis
734 2018 871 2097 utendi
903 2037 1042 2110 artem,
1071 2016 1322 2125 phantasma-

335 2171 425 2232 tum
443 2153 696 2263 possticorum
718 2174 757 2234 et
786 2154 976 2235 rationem
990 2173 1028 2232 et
1052 2154 1322 2238 austoritatem

332 2307 573 2369 excuterem.
634 2290 772 2398 Itaque
791 2289 899 2369 nulla
917 2285 1032 2366 facile
1046 2287 1191 2396 pagina
1208 2318 1322 2372 man·

306 2421 319 2468 ²
334 2424 380 2506 fit
403 2426 565 2523 intacta,
595 2428 693 2536 quin
718 2453 857 2505 manus
888 2424 1133 2535 emendatrix
1159 2427 1318 2508 accede·

332 2584 406 2660 ret,
435 2567 511 2645 alia
532 2565 740 2646 recidendo
772 2566 846 2645 alia
877 2562 1096 2675 supplendo
1123 2561 1201 2645 seu.
1225 2564 1318 2650 sub-.

286 2701 292 2712 '
331 2701 540 2783 stituend0.
597 2704 707 2782 Cum
725 2701 921 2782 summam
937 2703 1169 2783 brevitatem
1187 2701 1228 2781 in
1253 2704 1318 2811 in-

320 2840 602 2947 ‘terpretatione
634 2816 874 2953 sequendam
902 2838 976 2919 esse
1003 2841 1204 2921 viderem:
1236 2843 1319 2922 cla.
1397 2897 1399 2904 .

329 2975 484 3060 ritatem
505 2965 637 3089 tamdn
653 2999 690 3059 et
709 2976 1027 3088 perspicuitatem
1046 3006 1138 3058 cum
1156 3008 1201 3059 ea
1218 3009 1319 3061 con-

323 3097 510 3219 jundtam
534 3112 611 3210 else
638 3089 767 3197 uolui..
822 3114 944 3224 Qod
976 3112 1004 3193 s1
1037 3112 1086 3194 ad
1125 3115 1314 3211 Cerdam‚
1437 3218 1439 3229 Ι

330 3250 558 3346 Heinfium‚
579 3230 850 3335 Burmannum
868 3272 906 3332 et
924 3249 1214 3343 alios-remitte,
1234 3246 1315 3345 hoc

274 3442 276 3446 -
326 3394 409 3471 no'n
447 3419 521 3500 pro
556 3392 690 3472 inutili
713 3394 843 3497 ⁸citato
881 3387 1127 3483 habendum,
1171 3415 1311 3468 verum

327 3532 578 3639 quaerendam
601 3530 658 3612 ibi
681 3529 754 3612 esse
772 3531 1048 3638 exemplorum
1067 3526 1224 3636 copiam
1242 3522 1311 3606 seu

324 3668 547 3749 ulteriorem
565 3670 867 3750 declarationem
882 3667 981 3776 ejus,
1012 3665 1118 3776 quod
1135 3663 1311 3744 summa-

322 3806 398 3885 tim
415 3789 572 3889 tantum
599 3785 764 3919 apposui
773 3798 787 3899 i
816 3835 889 3887 nec
915 3805 1023 3912 enim
1047 3805 1101 3885 ita
1132 3802 1310 3911 ablegavi
1389 3919 1391 3923 ⁷

321 3945 369 4024 ad
388 3946 500 4041 alios,
530 3950 630 4056 quin
648 3944 729 4057 ipse
746 3974 829 4027 rem
849 3963 887 4025 et
911 3943 1108 4024 summam
1126 3938 1306 4021 observa-

319 4083 438 4163 tionis
456 4112 716 4194 apponeremt
740 4081 840 4163 nihil
853 4082 966 4161 enim
982 4078 1057 4159 esse
1072 4074 1196 4187 potest
1216 4102 1311 4153 mo·
1442 4173 1447 4186 Ι

318 4215 468 4310 lestius,
498 4246 634 4327 quam,
663 4218 732 4299 ubi
758 4221 800 4299 in
828 4216 931 4297 notis
959 4213 1134 4294 virorum
1163 4208 1307 4287 douo.

317 4381 406 4437 rum
441 4351 490 4434 ad
528 4356 700 4467 aliquam
735 4356 1009 4437 difficultatem
1054 4344 1252 4447 offendas,
1273 4342 1326 4437 s1¹

316 4490 417 4575 nihil
436 4492 547 4573 aliud
566 4496 697 4577 videas
728 4494 981 4605 adscriptum,
997 4513 1135 4609 'quam
1162 4481 1303 4563 viden·
1364 4554 1369 4573 ,

370 4628 412 4711 T
415 4656 500 4713 ou.
524 4658 558 4714 1.
795 4727 801 4735 ,
890 4628 918 4722 b
1160 4612 1302 4695 'dum
1432 4747 1437 4763 Ι
