3575 5509
412 594 588 726 aarum
682 645 1163 726 ARGUMENTA.

412 853 525 925 Troe‘s
543 852 592 923 ibi
610 852 775 946 linquunt
793 848 914 922 socios.
965 848 1082 919 Venus
1099 844 1203 918 anxia
1217 845 1337 953 placat

410 975 634 1070 Neptunum.
652 968 1012 1041 SomnusPalinurum
1024 967 1156 1064 mergit
1165 966 1203 1040 in
1211 967 1329 1042 undis,
1343 988 1362 1043 2
1368 986 1387 1064 ς

838 1140 959 1189 SEXTI.

634 1229 1195 1326 nscLqunius'vl.
1328 1255 1331 1258 ·

411 1382 591 1458 Sacratam
607 1378 750 1471 Phoebo
769 1376 966 1446 Cumarum
984 1374 1094 1451 fertur
1108 1374 1145 1444 in
1162 1373 1291 1455 urbem

409 1502 488 1578 Rex
506 1499 692 1596 Phrygius,
718 1496 873 1591 vatisque
888 1497 980 1592 petit
994 1494 1155 1590 responsa
1170 1494 1330 1588 Sibyllae.

408 1621 596 1697 Misenum
614 1620 747 1715 sepelit.
798 1618 878 1695 Post
897 1618 974 1691 haec
991 1618 1066 1693 adit
1082 1616 1193 1689 infera
1210 1640 1341 1714 regna;

302 1769 304 1774 ’
409 1741 685 1839 Congreiiusque
701 1742 803 1838 patri,
827 1738 932 1825 discit
945 1764 1055 1837 genus
1072 1763 1180 1811 omne
1194 1739 1348 1826 suorum,

411 1863 566 1963 Qoque
583 1865 692 1950 modo
708 1865 805 1953 casus
820 1865 933 1937 valeat
949 1862 1108 1959 superare
1128 1862 1276 1948 futuros.
1334 1884 1386 1957 30

790 2036 985 2094 SEPTIMlae'

634 2148 1169 2223 nusrinnrurus-vn.
1251 2232 1254 2243 ,

411 2272 573 2343 Tandem
590 2271 781 2342 deveniunt
799 2270 992 2345 Laurentia
1010 2270 1125 2343 Troes
1142 2274 1178 2342 in
1189 2263 1297 2354 ’θῖνας

273 2449 275 2454 -
406 2396 458 2467 Et
472 2417 560 2488 paee
576 2411 722 2489 accepta
738 2392 810 2463 laeti
827 2416 919 2464 nova
936 2394 1072 2477 moenia
1088 2394 1256 2468 condunt.

406 2516 524 2588 Noae
541 2513 651 2586 satam
665 2515 759 2605 Juno
775 2514 919 2586 Furiam
936 2533 1071 2589 evocat.
1122 2516 1187 2603 Illa
1206 2516 1353 2603 Latinos

321 2653 324 2659 '
405 2638 506 2710 Inter
521 2653 556 2707 et
572 2635 748 2707 AEneadas
765 2637 900 2709 bellum
915 2638 1015 2726 serit3.
1035 2655 1071 2711 et
1086 2638 1157 2711 ciet
1172 2661 1282 2711 arma.

405 2764 569 2837 Protinus
587 2744 725 2835 auxiliis
743 2781 834 2850 terra
850 2764 989 2854 instruit
1001 2765 1090 2836 Itala
1107 2763 1285 2850 Turnum.
1335 2780 1378 2857 35

659 2929 666 2936 ·
809 2935 966 3025 ournvr.
1096 2944 1099 2950 ·

625 3047 1037 3125 POMPEIANUS
1072 3052 1174 3133 vill,

408 3175 510 3257 Vidit
526 3191 567 3245 ut
583 3171 712 3242 AEneas
729 3172 868 3257 summa
885 3174 921 3244 vi
937 3173 1031 3244 bella
1045 3175 1177 3270 parari:

404 3295 561 3367 Arcadas
577 3297 854 3393 Evandrumque
872 3298 992 3371 senem
1008 3299 1073 3371 sibi
1091 3299 1384 3400 foederejungim'

349 3476 351 3481 ,
394 3415 655 3512 'Dardanioque
670 3418 751 3489 duci
770 3419 920 3493 sociatur
935 3422 1079 3495 Etruria
1095 3441 1179 3495 tota.

301 3532 303 3535 ’
403 3537 515 3610 Arma
530 3538 622 3633 petit
638 3541 811 3633 genetrix,
836 3542 897 3614 dat
913 3544 1115 3619 Mulciber:
1140 3545 1177 3615 in
1193 3547 1380 3646 clipeoque

403 3658 473 3730 Res
489 3660 609 3757 pingit
628 3660 758 3749 Latias,
783 3683 818 3737 et
837 3665 941 3738 sortia
958 3669 1050 3739 faeta
1066 3686 1251 3768 nepotum.
1333 3692 1381 3763 40
1469 3769 1472 3775 Ι

834 3835 944 3885 nour.

623 3931 1053 4020 MAXIMIANUS
1091 3952 1159 4025 IX.

401 4056 460 4130 Ad
479 4056 641 4137 Turnum
656 4088 807 4159 propere
823 4065 979 4158 Junonia
995 4071 1152 4145 mittitur
1167 4074 1247 4164 Iris,
1313 4102 1315 4104 ’
1358 4118 1361 4138 2

401 4178 616 4282 instigatque
629 4185 776 4258 animos.
816 4189 923 4261 Acies
936 4212 1057 4264 movet
1069 4194 1141 4281 ille,
1153 4194 1380 4296 Phrygasque

401 4301 562 4399 obsidem
613 4304 656 4377 In
673 4308 860 4421 Nymphas
878 4314 974 4388 versa
991 4317 1039 4391 est
1052 4317 1179 4393 AEneia
1195 4321 1321 4397 claffu.

1197 4456 1379 4572 Euryalus
