3575 5509
560 661 752 751 NOVAE
788 660 1179 757 EDITIONIS.
1254 704 1373 774 xxxi

381 878 571 998 proficisci
596 876 721 965 solent
746 906 797 966 ex
830 878 1008 968 sermone
1046 888 1221 997 postico.
1249 919 1374 1004 quem

375 1019 433 1107 us
451 1044 637 1109 normam
657 1008 829 1103 diorum
848 1017 1044 1104 restituere
1060 1022 1203 1135 uliquis
1224 1025 1368 1128 studet,
1475 1069 1506 1117 ..·

378 1179 448 1243 aut
464 1156 618 1245 auctori
632 1152 749 1239 suurn
761 1152 911 1239 motem
925 1156 1136 1240 vindicare.
1179 1161 1370 1279 Pleraque

380 1325 433 1381 eu
451 1293 516 1381 hit
536 1297 583 1378 in
604 1293 823 1404 marginem
839 1313 908 1376 aut
924 1294 966 1377 in
983 1296 1197 1380 lessionem'
1214 1304 1370 1395 varian-

378 1451 466 1518 tem
491 1461 538 1514 ac
562 1431 736 1514 criticam
761 1428 917 1540 rejicere
944 1428 1060 1514 satius
1087 1416 1173 1538 ,ests
1200 1435 1243 1519 in
1270 1467 1384 1522 con..

380 1591 537 1654 textum
553 1567 653 1651 nihil
670 1568 974 1663 admittendum,
994 1568 1067 1654 nisi
1085 1573 1194 1683 quod
1214 1595 1295 1660 tant
1312 1538 1382 1662 li?

382 1707 504 1818 quido
520 1703 683 1800 constet,
710 1723 755 1787 ut
775 1704 885 1789 nulia
903 1706 1109 1803 dubitatio,
1133 1711 1282 1796 nedum
1299 1744 1366 1798 ca·

377 1843 538 1938 villario,
556 1842 653 1926 illud
670 1841 882 1962 infringere
898 1845 1028 1956 poffit.
1113 1929 1118 1941 ,

431 1986 481 2068 in
502 1983 580 2064 alio
605 1981 756 2064 critices
782 1963 925 2092 geneis
950 1982 1117 2070 severior
1142 1985 1218 2084 fui,
1245 1991 1288 2072 in
1315 2019 1363 2075 eo

380 2122 558 2234 inquam,
578 2115 686 2229 quod
700 2116 749 2198 ad
761 2118 898 2200 ulcera
913 2117 1141 2230 detegenda,
1167 2123 1216 2205 ad
1232 2128 1364 2212 versus

357 2291 360 2296 ’
382 2257 615 2344 adulterinos
631 2273 671 2336 ct
688 2251 969 2366 suppofititios,
988 2253 1160 2368 spectat:
1183 2264 1363 2374 qmndo-

378 2393 540 2508 quidem
564 2392 685 2475 nimis
718 2390 834 2474 alieni
862 2390 912 2472 ab
940 2420 984 2474 ea
1010 2390 1226 2505 suspicione
1255 2390 1366 2484 suere

376 2530 556 2616 editores.
613 2528 751 2611 Erexit
787 2528 965 2615 animum
997 2529 1188 2616 Brunckii
1203 2532 1205 2538 ’
1221 2535 1274 2619 V.
1306 2538 1361 2623 C.

378 2663 602 2756 moestus.
635 2659 707 2774 qui
738 2657 972 2772 suspiciones
1001 2657 1122 2774 hujus
1153 2669 1307 2778 generis
1338 2698 1362 2752 a

378 2835 442 2890 trre
458 2807 766 2889 communimine
783 2832 854 2915 pro
866 2803 1010 2914 judicii
1026 2807 1207 2889 acumine
1221 2809 1363 2892 admo·

376 2945 474 3029 dum
506 2942 699 3055 probavit.
772 2942 899 3024 Nolui
930 2962 1061 3024 tamen
1089 2947 1363 3030 auctoritatem

376 3082 484 3195 sequi
502 3083 546 3162 in
563 3077 640 3162 hoc
656 3107 830 3190 quoque,
849 3097 909 3174 ut,
931 3107 1021 3189 quae
1038 3077 1211 3187 suspec‘ia
1226 3079 1360 3178 essent,

374 3216 679 3301 rescinderemet
696 3242 748 3297 ex
764 3231 950 3305 contextu
965 3241 1214 3296 excernerem
1224 3252 1238 3307 ;
1266 3243 1360 3328 narn
1422 3322 1427 3328 ι

373 3356 551 3470 primum
563 3354 603 3435 id
617 3350 719 3436 mihi
733 3351 936 3436 videbatur
950 3351 1193 3462 imperiosius
1208 3350 1363 3447 sosium

375 3521 498 3606 quum
522 3519 660 3576 meum
690 3488 853 3601 quidem
874 3490 1080 3601 ingenium
1106 3486 1242 3572 ferret:
1272 3487 1382 3575 tuin·

373 3627 530 3715 uersum
548 3627 814 3738 querentibus
846 3644 884 3706 et
917 3626 1065 3709 librum
1091 3625 1364 3709 evolventibus

372 3750 485 3857 vtide
499 3765 709 3850 molestum
724 3764 795 3860 cst,
816 3762 1038 3847 stuersuum
1049 3787 1261 3845 numerum
1275 3783 1360 3847 tur.

371 3905 508 3990 batum
525 3903 599 3986 esse
617 3902 789 3985 videant.
1264 3910 1267 3913 ⁴

427 4042 634 4128 scuteriis
653 4040 890 4129 varietatem,
921 4039 1066 4148 partim
1093 4065 1144 4129 ex
1163 4038 1358 4120 Burman·

371 4177 487 4263 niuea
504 4174 696 4272 haustam,
726 4177 869 4287 purtim
899 4203 950 4258 ex
979 4175 1183 4270 Pierianis,
1212 4173 1361 4257 Marti.

371 4314 512 4406 uiartin
547 4313 710 4426 aliisque
751 4313 952 4397 codicibus
989 4334 1028 4394 et
1065 4311 1154 4393 cdd.
1192 4308 1363 4392 dimidio

370 4454 604 4548 ausiiorem,
632 4483 714 4540 uon
738 4453 858 4538 modo
885 4454 1075 4542 muctam
1101 4448 1259 4561 reliqui,
1289 4472 1360 4525 ve-

1268 4607 1360 4664 rum
