3575 5509
402 670 470 769 29⁶
528 661 741 740 Excutu.
769 662 798 735 1.
817 662 888 735 nn
913 657 1103 734 unone.
1130 656 1225 731 Lm.
1254 655 1286 739 r.

403 868 457 927 lata
475 864 528 924 alia
549 884 658 943 quoque
671 885 687 922 a
699 862 789 921 Gallis
802 861 926 927 inventa;
946 874 977 919 ut
988 874 1061 918 oerta
1073 858 1262 918 vehiculorum
1274 865 1392 935 genera.

403 974 520 1016 carrucae
531 969 560 1013 et
571 958 606 1013 stc
617 973 713 1032 potro;
734 951 788 1009 coli
800 950 885 1028 coepit
898 950 928 1009 in
938 950 1055 1027 Alpibus
1071 949 1155 1007 secale
1167 947 1251 1023 (Plin.
1265 943 1391 1009 XVIII».

405 1050 452 1113 16,
471 1050 501 1120 4)
528 1043 661 1101 Romanis
677 1043 813 1119 ignotum.
853 1039 1010 1097 Occurrunt
1025 1040 1080 1096 alia
1100 1039 1129 1096 in
1150 1036 1275 1117 Virgilio
1297 1033 1388 1093 Italiae

401 1133 547 1211 superioris
560 1133 633 1210 agris
645 1129 754 1210 propria
765 1148 796 1186 ac
813 1128 970 1208 singularia.
1010 1126 1094 1185 Plinii
1105 1126 1189 1185 verba
1200 1128 1252 1186 lib.
1267 1122 1387 1196 xvln.

404 1229 472 1301 48a
491 1241 534 1280 nte
548 1221 655 1279 laudata
675 1239 782 1279 omnem
803 1216 883 1277 facile
905 1216 1102 1276 dubitationem
1116 1216 1253 1284 tollerent,
1271 1213 1388 1282 filedio

405 1308 437 1367 in
448 1330 482 1367 eo
494 1308 555 1366 esset
577 1307 665 1365 minus
688 1307 799 1363 incerta.
820 1306 956 1373 Denralia,
974 1304 1004 1361 h.
1024 1323 1050 1360 e.
1069 1302 1188 1370 dentale,
1206 1307 1300 1375 ἔλυμα,
1317 1301 1389 1361 bene

406 1396 574 1463 virdunus,
593 1416 672 1472 quem
689 1393 810 1460 laudavi,
828 1391 910 1450 docet
930 1391 1119 1469 accipiendum
1141 1391 1192 1450 effe
1210 1392 1247 1452 de
1270 1388 1388 1451 vomeris

407 1501 481 1567 parte
502 1483 633 1542 anteriore
645 1486 825 1564 (Pstugkopf),
845 1482 874 1539 in
886 1502 999 1540 acumen
1011 1485 1086 1539 aua:
1106 1481 1160 1539 hoc
1179 1481 1286 1540 dentale
1297 1482 1393 1559 duplici

406 1577 539 1650 essedoffo,
556 1573 586 1632 h.
600 1593 626 1634 e.
649 1573 721 1631 binis
731 1572 855 1631 cruribus
866 1570 896 1629 in
909 1571 1024 1629 formum
1035 1572 1132 1629 littere
1143 1568 1173 1627 V
1184 1569 1389 1646 (Sablbllzern)

408 1677 547 1743 aptatum
568 1662 640 1721 binas
661 1686 735 1721 aum
758 1660 878 1728 tandem,
899 1660 1008 1719 tabellas
1020 1680 1037 1718 a
1050 1658 1174 1717 Varrone
1186 1659 1220 1728 1.·
1230 1679 1280 1737 29,
1301 1678 1389 1719 ane·

408 1766 536 1821 moratus,
547 1751 651 1810 vomeri
662 1751 767 1809 additas
785 1755 803 1825 (
804 1755 849 1810 das
861 1752 1012 1811 Streichbret
1023 1754 1078 1810 und
1086 1750 1261 1825 Molurbm),
1270 1764 1299 1808 et
1319 1749 1390 1809 utti-

408 1862 461 1921 que
478 1840 551 1898 cruri
572 1840 612 1899 ita
624 1840 763 1919 impailau
783 1852 813 1897 ut
825 1837 948 1918 impteffu
959 1840 990 1897 in
1004 1842 1091 1900 lulum
1104 1857 1212 1900 uomere
1232 1853 1303 1898 tetta
1321 1858 1388 1917 pro«

406 1931 484 1992 scissa
503 1930 630 2008 utrinque
651 1931 820 1988 accumulata
833 1929 862 1987 in
880 1930 966 1989 sulcos
978 1932 1126 2000 attollatur.
1165 1934 1242 1995 Banu
1254 1932 1290 1990 est
1302 1945 1391 2005 temo.

409 2022 530 2091 ἶςοβοιύις
550 2019 609 2078 scil.
627 2018 736 2099 proprie
748 2037 808 2097 pars
817 2020 882 2096 ejus·
891 2019 996 2089 infima,
1014 2035 1045 2078 ut
1055 2022 1112 2099 jam
1125 2018 1237 2078 salmas.
1259 2017 1289 2077 in
1300 2019 1389 2079 Solia.

409 2132 438 2189 p.
453 2111 509 2191 576
520 2108 624 2167 docuit.
664 2108 834 2187 Inspicienda
846 2124 873 2165 et
886 2109 1073 2186 cognoscenda
1085 2108 1146 2167 sunt
1168 2107 1288 2188 reliqum
1306 2106 1391 2175 etiam

409 2202 446 2258 de
463 2214 554 2258 aratro
570 2197 724 2267 Hefiodeo;
745 2198 795 2256 nili
812 2200 886 2276 quod
897 2200 990 2258 malim
1000 2217 1062 2257 eum
1076 2198 1233 2277 timpliciter
1243 2198 1392 2277 apposoiffe

410 2290 518 2366 qualem
531 2288 587 2364 ejus
598 2288 714 2345 formam
726 2305 758 2344 ac
776 2287 889 2363 speciem
910 2289 981 2366 apud
993 2288 1112 2350 ruimum
1125 2288 1273 2367 effingeret,
1293 2305 1344 2346 nec
1356 2287 1393 2345 de

373 2403 376 2410 ·
412 2375 522 2453 epochis
543 2374 721 2433 mutationum
739 2374 811 2433 inter
823 2376 978 2454 AEgyptios,
1000 2377 1123 2443 Graecos,
1141 2390 1169 2433 et
1182 2376 1324 2438 Romanos
1336 2391 1391 2434 tam

412 2463 498 2522 multe
508 2464 558 2521 elle
568 2462 723 2532 ariolatum,
736 2484 795 2542 quae
807 2464 841 2521 ad
855 2465 990 2541 liquidum
1003 2463 1115 2543 perduci
1127 2480 1272 2542 noqueunt.
1305 2464 1391 2546 Qud

411 2551 484 2610 enim
496 2552 586 2610 nostro
595 2566 714 2629 tempore
724 2553 781 2611 fieri
792 2553 924 2622 videmus,
937 2574 991 2612 non
1003 2554 1093 2613 miuus
1102 2554 1168 2612 olim
1180 2555 1272 2614 locum
1283 2555 1392 2622 habuit.

413 2640 486 2697 utin
508 2639 617 2698 divertis
630 2641 735 2719 populis
747 2662 778 2699 ac
792 2642 949 2719 regionibus
969 2643 1014 2702 seu
1027 2661 1102 2701 more
1120 2643 1253 2719 majorum
1274 2644 1320 2703 sm
1342 2643 1393 2703 soli

412 2741 509 2786 natura
530 2729 617 2786 aliave
635 2732 784 2789 necestitate
803 2748 915 2809 urgente
928 2715 1033 2791 diversa
1044 2733 1105 2793 effet
1116 2732 1198 2792 aratri
1208 2732 1310 2808 forme,
1330 2736 1393 2795 teti·

412 2830 572 2894 noteturque
582 2817 704 2877 deterior
715 2820 806 2877 multit
817 2820 847 2877 in
859 2821 938 2889 lucis,
956 2842 1020 2880 cum
1042 2821 1072 2878 in
1085 2820 1146 2879 aliis
1157 2822 1263 2880 dudum
1281 2823 1395 2892 iuvetite¹

412 2919 442 2963 et
462 2904 633 2983 frequentata
648 2909 710 2966 esset
732 2908 876 2968 melioret
896 2910 1070 2969 elaboratior.
1111 2909 1240 2982 Evolvat,
1259 2912 1307 2971 cui
1329 2913 1394 2972 talia

413 3014 486 3054 curae
509 2995 581 3066 suut,
601 2998 723 3056 Paullum
743 2998 847 3058 Lucam
861 3002 970 3080 Vmages
982 3000 1066 3061 Tom.
1079 3004 1106 3070 I,
1125 3024 1154 3081 p.
1172 3007 1236 3063 182.
1277 3002 1395 3071 Norden

417 3086 515 3165 quage
526 3111 557 3143 en
569 3088 666 3170 Egypte
678 3087 715 3145 T.
735 3086 762 3157 I,
782 3088 819 3165 pl.
838 3092 884 3167 56.
907 3089 972 3147 add.
993 3088 1107 3169 Goguet
1122 3095 1199 3174 Orig.
1221 3097 1264 3152 des
1275 3096 1343 3153 Los'x
1354 3092 1393 3154 Τ.

414 3172 442 3242 1,
451 3225 452 3229 ,
461 3195 489 3251 p.
505 3180 559 3252 184
568 3175 627 3253 sqq.
668 3176 737 3235 Sunt
749 3178 867 3255 antiquae
880 3177 1050 3257 artisopeta,
1069 3179 1098 3238 in
1111 3182 1210 3259 quibus
1221 3197 1340 3242 aratrum
1351 3182 1396 3241 vi·

415 3262 496 3322 fitur:
507 3264 554 3321 vix
568 3279 656 3323 tamen
669 3266 808 3325 notionem
820 3283 971 3325 accuratam
982 3268 1048 3329 inde
1056 3271 1185 3349 consequi
1197 3271 1263 3330 licet
1275 3272 1396 3331 {Comen

416 3354 452 3410 de
465 3354 560 3432 Caylus
572 3356 709 3414 Recueild’
722 3358 862 3435 Antiquite's
875 3358 914 3415 T.
927 3357 967 3425 V,
985 3357 1024 3437 pl.
1047 3364 1094 3420 82.
1107 3361 1240 3421 ‘Museum
1253 3361 1397 3422 Etruscum

417 3443 504 3502 Τοιιι.
528 3442 554 3509 I,
574 3444 629 3501 tab.
652 3458 722 3503 extr.
749 3445 831 3521 Spon.
857 3444 975 3503 Miscell.
1000 3468 1029 3525 p.
1055 3453 1121 3524 308.
1146 3450 1202 3509 IX.
1229 3450 1397 3512 Winclrelm·

417 3531 534 3589 Monam.
557 3537 623 3592 ined.
636 3553 664 3611 p.
689 3554 752 3613 ¹05·
793 3534 919 3592 Gemmae
931 3552 1061 3607 aratrum,
1081 3539 1195 3598 obscure
1206 3554 1309 3608 tamen,
1329 3539 1398 3601 refe·

419 3631 505 3675 rentes
516 3618 577 3677 sunt
589 3621 664 3680 Mus.
679 3620 751 3680 Flor.
766 3622 803 3679 T.
818 3622 857 3690 11,
877 3637 898 3680 t.
919 3644 966 3699 4²·
1006 3626 1115 3686 Gorlaei
1127 3616 1298 3706 Dutrytioth.
1313 3630 1402 3705 Toto.¹

417 3704 461 3774 H,
479 3726 508 3766 n.
534 3728 600 3783 231.
641 3712 781 3780 Atattum,
801 3713 876 3789 quod
889 3713 918 3771 in
934 3714 1048 3773 Hesiodi
1067 3717 1130 3775 edd.
1142 3719 1400 3781 exantaecodd.e1·

417 3794 535 3867 hibetur,
554 3813 581 3855 et
594 3799 624 3856 in
636 3799 793 3860 Montlauc.
808 3802 939 3881 Palaeogr.
950 3822 993 3881 gt.
1002 3823 1030 3883 p.
1042 3823 1060 3883 9
1073 3805 1216 3884 repetitum
1228 3810 1277 3875 est,
1289 3805 1399 3868 serioris

417 3887 462 3944 seu
481 3888 629 3944 commenti
654 3888 697 3946 seu
725 3890 784 3948 usus
806 3893 955 3969 ellepatet;
976 3894 1220 3954 namabHefiodo
1230 3896 1399 3976 adscriptum

417 3993 498 4033 nemo
519 3974 631 4034 dixerit.
672 3976 797 4037 Formam
817 3980 911 4047 aratri,
929 3999 984 4059 quo
1002 4002 1073 4041 nunc
1095 3984 1242 4044 Mantuani
1253 3979 1287 4043 ac¹
1298 3984 1401 4045 Veneti

419 4061 547 4141 agricolae‘
565 4078 687 4133 utuntur,
708 4086 762 4123 uua
782 4086 844 4126 cum
867 4068 922 4127 alio
940 4069 1121 4147 exquifitiorir
1133 4072 1280 4141 sttudiurt,
1299 4070 1402 4132 Marti-

418 4171 467 4209 nus
478 4150 597 4229 exprimi
610 4155 715 4212 curavit
727 4156 761 4213 ad
780 4177 810 4234 p.
833 4164 881 4236 48.
922 4158 1026 4217 Verum
1044 4173 1138 4219 neutra
1151 4160 1242 4220 forma
1253 4180 1319 4221 cum
1332 4161 1402 4221 Vir.

419 4238 531 4315 gilianit
551 4240 639 4300 verbis
660 4244 723 4301 satis
746 4248 886 4306 convenit.
909 4248 1006 4324 (Nunc
1020 4267 1082 4308 cum
1095 4269 1194 4330 magna
1205 4241 1296 4329 opem
1307 4251 1402 4312 rustici

350 4353 353 4357 ·
418 4326 517 4405 peritia
539 4328 595 4388 haec
616 4330 785 4408 persequutus
809 4337 845 4392 est
865 4335 971 4394 Voffius
991 4336 1029 4396 V.
1055 4337 1092 4398 C.
1105 4338 1315 4419 Comparaudua
1334 4359 1403 4422 pm·

419 4429 493 4478 terea
500 4417 536 4476 est
549 4416 676 4479 Dicksun
687 4422 767 4498 ofthe
775 4433 873 4482 ancient
885 4426 902 4481 I
904 4426 1044 4503 lallando.
1044 4429 1064 4501 )
