3575 5509
606 601 1268 754 cnonorcou,n1n.21v{
1343 678 1425 775 ‘551‘
1503 635 1521 655 “’

427 858 494 942 ille
510 863 657 963 quidem
670 863 792 962 Stygia
811 862 918 935 nabat
929 862 1008 960 jam
1025 864 1155 962 frigida
1171 868 1316 963 cymba.

428 1006 577 1104 Septem
591 1006 698 1079 illum
715 1022 808 1078 totos
825 1004 1015 1101 perhibent
1033 1028 1076 1075 ex
1095 1004 1217 1079 ordine
1232 1008 1360 1083 mensio
1432 1004 1434 1008 ’

427 1142 537 1240 Rupe
552 1142 618 1215 sub
634 1141 728 1217 airia
743 1141 869 1215 deserti
883 1141 928 1214 ad
945 1142 1144 1237 Strymonis
1161 1143 1296 1219 undam
1402 1164 1404 1168 ·

346 1323 351 1370 ;
425 1273 584 1367 nenne,
609 1296 646 1361 et
662 1280 790 1379 geum
808 1280 885 1352 ὴ...
904 1280 1069 1353 evomn
1088 1280 1151 1354 sub
1165 1272 1287 1370 antris,
1393 1260 1398 1268 ‘

425 1413 652 1491 Mulcentem
662 1417 777 1514 tigris,
786 1435 822 1488 et
831 1435 998 1512 agentem
1008 1386 1417 1516 carminequercue.5ro
1460 1478 1462 1480 »

423 1548 551 1652 Qalis
567 1552 721 1649 populea
738 1574 889 1639 maerens
910 1551 1106 1624 Philomela
1119 1551 1182 1625 sub
1201 1555 1330 1628 umbra

422 1686 580 1792 Amiii‘os
597 1685 760 1781 queritur
777 1684 891 1786 secus3
918 1709 1006 1779 quos
1022 1684 1132 1759 durus
1148 1706 1265 1776 arator

419 1818 631 1899 observans
647 1823 734 1894 nido
750 1821 923 1917 inplumis
940 1821 1114 1894 detraxit:
1139 1842 1175 1897 at
1191 1826 1252 1901 illa

451 2028 511 2092 50⁶·
527 2028 574 2077 illa
583 2029 670 2092 quidem.
702 2024 777 2074 Hunc
787 2022 883 2073 versum
898 2019 974 2071 abelie
986 2036 1025 2071 me
1036 2021 1117 2095 melle,
1130 2024 1181 2091 jam
1193 2023 1253 2074 olim
1264 2023 1412 2092 fignifieave·
1482 2054 1484 2058 ·
1504 2043 1519 2054 *

418 2114 484 2155 tam.
522 2103 658 2152 Bruuclrius
674 2117 723 2151 non
743 2101 798 2149 satie
809 2099 907 2149 firmam
924 2098 1027 2148 cauffam
1044 2099 1187 2164 reperiebat,
1203 2117 1245 2150 eur
1263 2118 1320 2151 eum
1331 2105 1409 2168 po'e'tae

418 2180 576 2246 abjudicaret.
612 2181 649 2228 At
661 2170 796 2227 Meierotto
807 2175 832 2225 in
841 2176 927 2228 Dubiis
937 2192 992 2241 pag.
1006 2175 1037 2226 28
1049 2176 1131 2241 etipse
1147 2178 1172 2226 iu
1191 2177 1217 2228 id
1234 2179 1359 2239 inciderat,
1376 2193 1406 2234 ut

418 2257 515 2307 versum
526 2267 568 2306 aut
579 2254 687 2305 alienum
704 2265 745 2303 aut
763 2252 843 2303 alieno
861 2252 914 2301 loco
929 2252 1045 2301 insertum
1055 2263 1159 2317 putaret,
1173 2254 1258 2303 saltem
1269 2256 1404 2310 retraheret

417 2332 471 2396 post
478 2334 574 2397 paludem
583 2348 609 2383 v.
620 2345 677 2392 503.
710 2332 759 2390 Res
769 2329 832 2390 sane,
848 2340 875 2378 ut
887 2329 913 2377 in
923 2328 1042 2393 plerisque
1065 2328 1200 2394 hujusmodi
1215 2329 1296 2379 cauffis
1312 2331 1410 2394 criticis,

417 2408 453 2458 est
464 2409 566 2459 exsensu
577 2408 801 2474 dijudicandu—
801 2421 858 2469 507.
869 2409 977 2472 perbibent
987 2418 1035 2453 totos
1045 2422 1106 2455 unus
1117 2398 1180 2470 epud
1200 2406 1407 2475 Huni—509.

418 2486 483 2551 Fleffl
497 2486 537 2549 sibi
552 2496 572 2533 et
587 2481 661 2533 Rom.
682 2499 737 2532 eum
757 2483 801 2533 Ed.
822 2484 885 2532 Ven.
908 2484 951 2547 sub
969 2484 1028 2549 astris
1040 2482 1107 2545 idem
1124 2483 1198 2533 Rom
1216 2495 1240 2532 et
1257 2484 1349 2549 aliquot
1365 2481 1408 2535 alii

373 2614 374 2617 ,
417 2561 492 2611 Pierii
501 2577 557 2611 cum
569 2561 612 2610 alt.
627 2564 725 2626 Menag.
734 2571 758 2609 et
766 2559 807 2609 alt.
821 2560 887 2610 Voss.
899 2560 975 2609 Goth.
986 2560 1073 2620 sec.,ut
1085 2560 1145 2608 etin
1157 2560 1407 2627 vulgasibugnonuub

306 2680 309 2686 .
416 2634 447 2686 iis
462 2637 529 2697 edu,
544 2638 689 2698 satisdoete,
705 2652 760 2686 eum
776 2641 849 2701 gelidis
858 2626 902 2702 sib
914 2641 974 2705 ‹ylris
991 2637 1021 2686 de
1041 2636 1154 2686 sideribus
1172 2638 1405 2702 septenurioudibue
1453 2655 1455 2657 ’

417 2714 494 2779 accipi
505 2713 590 2779 pollet,
606 2714 646 2763 sed
664 2730 718 2762 meo
736 2713 834 2778 quidem
849 2714 949 2779 judicio,
965 2713 1042 2762 Statio
1054 2713 1134 2777 aliquo
1145 2724 1187 2764 aut
1204 2714 1337 2768 claudiano
1348 2716 1404 2783 dig-

401 2848 404 2853 ,
417 2793 605 2851 niun—311.
617 2795 729 2856 pampinea
738 2790 781 2839 ms.
794 2790 1022 2852 &unolz—512.
1040 2794 1097 2839 dirus
1108 2790 1193 2839 Frane.

434 2954 552 3011 uomodo
584 2952 649 3012 fietu
681 2974 713 3011 ac
741 2973 821 3020 voce,
854 2967 884 3013 ut
932 2952 967 3009 de
990 2952 1107 3029 Byblide
1132 2950 1350 3014 enorum-uf
1368 2951 1402 3014 lu*

412 2969 480 3090 bel.
501 3030 556 3100 VI,
577 3034 614 3091 80
633 3032 883 3110 quocursu-qur'bus
929 3033 1016 3109 Bn'wg
1031 3029 1128 3107 Σιδονίᾳ
1153 3035 1215 3107 eilge
1236 3038 1291 3107 vigi
1312 3032 1398 3106 μῦςων

410 3106 470 3166 alis.
928 3110 1046 3182 αἰάζυσι.
1087 3108 1175 3166 Color
1194 3108 1399 3168 eerteacfflun

453 3184 519 3262 506.
541 3189 659 3264 frgida,
689 3200 786 3251 morte,
806 3186 880 3245 retia
928 3187 1059 3244 orationis
1097 3185 1162 3245 iude
1203 3188 1238 3243 est
1258 3187 1398 3247 :durium

376 3290 378 3294 ⁴
412 3274 485 3318 retro
506 3280 554 3336 per
575 3264 697 3340 Stygem.
738 3262 808 3320 Mox
827 3284 878 3351 507
929 3261 1036 3325 Pressius
1058 3262 1092 3319 ad
1115 3263 1241 3322 Maronis
1263 3263 1396 3326 rationem

411 3360 445 3393 ex
462 3340 562 3409 ordine,
581 3342 723 3398 continuos
745 3329 879 3418 intellige.
928 3341 1033 3397 accedit
1045 3338 1164 3419 Qintus
1177 3339 1238 3399 Cal.
1252 3338 1323 3407 XII,
1337 3342 1391 3417 481

414 3410 527 3471 Praeivit
563 3414 715 3475 Lueretius.
752 3419 788 3474 est
813 3423 878 3487 ἑξῆς,
927 3419 1034 3491 -486,
1070 3416 1118 3474 etsi
1149 3418 1184 3474 ad
1216 3417 1395 3479 hirundinem

410 3488 528 3562 unhelle.
570 3514 636 3570 509.
660 3495 790 3570 evole-iffi,
804 3494 878 3553 lratr-
924 3495 1018 3553 eadem
1044 3494 1189 3552 transtulit.
1240 3493 1339 3551 Huetii
1364 3507 1393 3551 et

410 3570 500 3639 τόξαι,
524 3567 590 3636 haee,
614 3570 689 3627 casus
714 3570 784 3638 suos,
814 3594 878 3648 que·
926 3569 1085 3627 Callelvetri
1097 3570 1306 3647 reprehensiones
1317 3571 1396 3648 hujus

409 3646 632 3704 rendoenarraffe
647 3653 684 3720 (v.
706 3646 774 3705 Stat.
787 3648 877 3710 Theb.
926 3648 995 3716 loci,
1014 3646 1138 3724 inprimit
1163 3648 1260 3705 umbrae
1306 3650 1393 3725 puleae

408 3721 468 3793 1,‚2
481 3737 509 3779 er
519 3721 547 3779 h.
560 3724 579 3780 Ι.
590 3724 705 3797 Cerdo).
926 3744 989 3781 cum
1003 3739 1091 3781 tamen
1105 3723 1245 3802 sequatur:
1267 3665 1325 3781 biit
1336 3749 1392 3788 nor»

449 3817 482 3876 5¹
491 3818 515 3857 1.
526 3796 636 3857 Fundus
647 3800 726 3876 hujus
738 3818 877 3877 compara·
922 3816 982 3866 tem,
996 3803 1030 3857 ab
1041 3800 1196 3877 ignorantia
1203 3800 1390 3879 poeticaecum

369 3887 371 3894 ’
406 3872 678 3935 ῐίοηίε,ηοῐ)ἰ1ἱίίἱωω
697 3897 739 3955 ap.
760 3875 876 3935 Homer.
927 3876 1039 3934 rationis
1061 3892 1088 3933 et
1101 3877 1234 3935 artistum
1258 3877 1390 3935 orationis

408 3950 466 4010 od.
495 3978 523 4021 τ,
557 3959 719 4032 518-524‚
751 3955 820 4011 adde
843 3981 874 4024 π,
926 3952 1131 4031 ρτοῖεόὶεεῖυητ.
1155 3956 1252 4013 Umbra
1261 3970 1315 4013 tam
1326 3972 1391 4031 pro·

406 4032 465 4089 216
486 4028 525 4107 l‘q.
564 4030 640 4088 Hine
660 4030 749 4107 plures
769 4032 874 4106 expres·
922 4031 1012 4108 prium
1033 4046 1060 4087 et
1071 4047 1227 4110 perpetuum
1240 4034 1274 4087 est
1286 4029 1395 4090 arboris.

405 4105 472 4175 fere,
499 4125 566 4185 quor
591 4108 722 4185 collegere
748 4107 874 4167 Guelliue
920 4108 1092 4174 attributum,
1119 4125 1148 4166 ut
1162 4109 1196 4164 ad
1209 4106 1388 4183 cnullasphy-

405 4196 435 4240 et
458 4183 558 4243 Cerda.
599 4185 638 4241 At
663 4204 742 4243 nemo
767 4185 873 4263 elegan—
919 4186 984 4243 ficar
995 4204 1027 4242 ac
1040 4200 1159 4263 tempora
1169 4184 1298 4260 respelius
1306 4185 1389 4260 plane

405 4258 470 4315 tiue'
481 4260 595 4319 variavit
617 4277 644 4320 et
655 4262 774 4329 ornavit,
792 4283 872 4340 quam
919 4282 974 4320 non
987 4263 1125 4338 habentur.
1139 4260 1213 4317 conf.
1227 4261 1386 4337 praeelarum

404 4332 537 4393 Moschus
561 4338 616 4407 IV,
647 4359 679 4398 21
708 4340 760 4418 sq„
792 4360 872 4418 quem
917 4356 1011 4398 notam
1021 4336 1177 4395 Burmanni.
1191 4337 1387 4416 Populeaesron·

404 4426 433 4469 et
459 4411 545 4491 ipsum
558 4413 693 4493 Virgilius
706 4431 768 4474 ante
780 4419 873 4476 oeulos
918 4422 955 4474 dis
967 4415 1143 4474 mobilitatem
1153 4434 1184 4471 ac
1194 4414 1253 4470 lene
1267 4433 1388 4472 murmur

403 4488 523 4547 habuiffe
553 4490 641 4549 videri
690 4496 766 4559 otest,
798 4495 871 4553 forte
918 4494 1043 4571 inprimis
1081 4506 1172 4567 aptum
1212 4492 1261 4548 elle
1292 4508 1387 4549 cantus
1486 4527 1504 4545 ,ι

402 4586 468 4655 cum
495 4567 639 4629 Parthenio
669 4512 747 4631 brot.
774 4589 866 4633 c.-11
919 4570 1052 4631 moestitiae
1089 4569 1201 4627 notabat
1238 4567 1387 4704 illaturus,

1271 4660 1392 4704 raetverat
