3575 5509
471 683 539 776 246
598 682 638 754 Ρ.
681 682 970 756 VIRGILII
1022 685 1328 768 MARONIS

472 882 670 976 Adcipiunt
687 878 785 967 sulci,
811 900 846 953 et
862 882 965 954 milio
980 884 1076 955 venit
1092 911 1208 960 annua
1224 913 1331 966 cura:
1389 893 1464 969 216

472 1020 652 1093 Candidus
668 1018 795 1090 auratis
813 1019 924 1113 aperit
940 1044 1052 1115 quum
1065 1024 1230 1098 cornibus
1245 1049 1387 1102 annum

471 1158 620 1242 Taurus,
644 1173 680 1226 et
695 1154 812 1226 averso
829 1156 955 1226 cedens
971 1155 1076 1228 Canis
1094 1156 1228 1229 occidit
1244 1160 1352 1232 astro.

504 1377 560 1428 216.
578 1379 688 1443 Accipiunt
705 1381 801 1441 Menag.
822 1389 846 1425 et
866 1377 903 1426 ed.
919 1380 983 1427 Ven.
1026 1377 1128 1444 Accioient
1147 1378 1457 1443 Parthas—217.dm

472 1455 575 1519 Menag.
586 1454 743 1518 pr.-218.
762 1455 941 1520 Disputationes
957 1456 986 1504 de
1005 1455 1030 1504 h.
1041 1456 1059 1505 l.
1071 1457 1126 1505 ride
1139 1473 1176 1522 ap.
1189 1457 1333 1511 Heinsrumt
1350 1470 1400 1508 tam
1410 1476 1456 1524 pa-

472 1548 528 1579 rum
547 1532 666 1594 expeditas
683 1543 706 1579 et
725 1531 857 1596 explicitas,
872 1544 899 1580 ut
911 1548 960 1579 non
972 1533 1088 1581 eruditior
1099 1533 1137 1581 sod
1149 1533 1264 1582 incertior
1275 1533 1333 1582 hinc
1344 1535 1456 1586 discedas.

472 1608 578 1672 Vulgata
589 1608 661 1656 lefflo
672 1621 722 1657 erat
733 1612 833 1672 ariverso:
850 1610 995 1658 conveniunt
1015 1609 1040 1657 in
1061 1610 1104 1658 hac
1124 1609 1214 1658 Medic.
1229 1622 1255 1659 et
1271 1613 1454 1668 Romanaedi·

471 1685 593 1733 versurum
611 1685 667 1733 alIaa
683 1686 800 1735 netarum
818 1687 897 1743 duces,
913 1703 968 1735 cum
979 1687 1062 1735 iisdem
1073 1687 1122 1735 alii.
1156 1686 1275 1752 Reposuit
1284 1691 1359 1753 aaerfi
1370 1689 1454 1738 Heius.

472 1762 621 1821 Gurliannm,
631 1762 735 1811 Mentel.
751 1776 888 1828 utrumque,
904 1765 1067 1829 fragmentum
1078 1763 1143 1812 Vols.
1161 1776 1185 1812 et
1202 1763 1311 1814 Servium
1321 1765 1452 1829 sequutm:

473 1838 503 1888 fic
513 1852 537 1887 et
549 1840 624 1887 Goth.
636 1839 688 1897 sec„
703 1851 727 1886 et
743 1843 814 1902 averfi
832 1844 918 1887 incedens
936 1840 1030 1887 Medic.
1050 1839 1130 1886 Pierii.
1165 1839 1230 1886 Cum
1244 1850 1323 1888 tamen
1335 1853 1454 1906 perpetua

471 1915 498 1965 in
517 1917 555 1965 his
573 1917 670 1965 vocibus
687 1917 715 1965 [it
734 1918 854 1981 scripturae
873 1917 993 1965 varietas:
1012 1933 1040 1964 ex
1057 1916 1106 1981 ipsa
1123 1915 1236 1976 lettione,
1251 1917 1366 1982 utrinque
1384 1907 1454 1968 sonis

473 1995 542 2043 codd.
555 1996 656 2052 mnnita,
673 1994 714 2042 etfi
731 1997 815 2058 adverfi
833 1995 872 2043 vel
891 1994 921 2041 ste
940 1994 1056 2058 majorem
1067 1992 1235 2041 autoritatem
1251 1993 1364 2043 codicum
1373 1995 1453 2056 habet,

473 2072 556 2119 confici
576 2070 734 2119 controverfia
751 2072 841 2135 nequit.
874 2071 950 2134 Atqui
967 2073 997 2118 ad
1013 2070 1105 2118 sensum
1116 2068 1254 2118 neemiam
1264 2081 1368 2136 utraque
1379 2072 1450 2122 leetio

470 2149 527 2199 satis
538 2149 656 2197 convenil.
688 2149 712 2194 SI
723 2152 806 2213 adverso
816 2149 912 2204 tuearis.
924 2162 976 2197 tum
987 2152 1051 2195 cnseat
1061 2150 1114 2214 astra
1124 2150 1211 2210 advetjtt
1221 2148 1285 2194 Cattis
1296 2159 1340 2196 aut
1350 2148 1451 2215 intelligi

471 2227 558 2293 potest,
573 2228 657 2274 cedens
667 2225 709 2273 soli
720 2242 748 2272 ex
759 2227 856 2273 adverso
867 2226 953 2289 posito,
969 2238 994 2273 ut
1012 2225 1076 2288 apud
1093 2222 1256 2272 Columellam
1269 2226 1304 2283 X,
1317 2239 1354 2285 54
1369 2228 1421 2274 Sosis
1431 2238 1449 2274 et

471 2310 566 2369 adverfits
581 2316 666 2352 metuent
678 2306 792 2350 Atlantides
810 2317 878 2362 ortus3
896 2317 935 2352 aut
954 2304 1038 2352 cedens
1054 2303 1145 2360 Taum,
1161 2301 1223 2350 astro
1242 2301 1286 2350 fibi
1305 2319 1336 2352 ex
1355 2303 1449 2354 adverso

471 2382 561 2447 posrto;
579 2381 629 2428 haec
648 2380 719 2427 lestio
738 2390 761 2427 et
781 2381 955 2444 interpretatio,
971 2395 1038 2427 more
1055 2390 1079 2426 et
1094 2379 1135 2427 usu
1153 2377 1248 2441 poetico
1267 2377 1374 2438 firmata,
1391 2397 1449 2446 prz-

470 2457 570 2505 serenda
580 2456 656 2503 videri
667 2456 743 2519 potest
755 2469 888 2519 propterea,
900 2457 955 2520 quia
966 2456 1094 2504 seeundum
1106 2455 1224 2503 astrorum
1234 2455 1343 2519 pidlurat
1353 2468 1449 2520 veteret,

471 2545 498 2582 ut
511 2535 535 2581 in
547 2532 653 2580 Farnefia
664 2532 752 2588 tabula,
769 2549 826 2596 quas
837 2537 913 2596 poeta
926 2534 990 2598 sequi
1004 2533 1052 2581 sere
1068 2532 1144 2581 solent
1160 2532 1195 2597 [v.
1213 2530 1259 2580 inf.
1277 2533 1339 2581 Not.
1360 2535 1391 2584 ad
1406 2538 1448 2596 IV,

433 2599 436 2604 ¹
472 2611 530 2673 233)
543 2606 702 2671 canisadvcrsr
716 2608 786 2654 Tauro
797 2609 870 2657 sedet.
905 2610 962 2656 Alia
973 2608 1012 2657 alii
1024 2607 1236 2656 comminiscuntur
1247 2607 1448 2677 prosuoqttisqo'e

472 2685 584 2749 ingenim
602 2684 662 2731 nihil
680 2685 730 2732 v'idi
746 2686 783 2733 cui
795 2702 842 2733 non
853 2687 943 2750 aliquid
955 2686 1043 2749 opponi
1054 2684 1129 2749 poffit.
1163 2684 1273 2733 Omnino
1284 2685 1310 2734 in
1322 2687 1403 2737 medio
1413 2705 1448 2738 rt·

472 2763 628 2826 linquendum
654 2774 721 2825 puto,
738 2776 819 2811 utrum
836 2768 906 2826 poeta
925 2764 1059 2828 scripserit:
1081 2779 1136 2811 eum
1158 2774 1288 2827 utrumque
1315 2764 1408 2816 boumn
1424 2779 1447 2817 et

475 2844 547 2906 poeta
558 2838 658 2903 dignum
668 2838 703 2888 fit.
739 2840 886 2889 'I'enebimus
897 2842 980 2906 igitur,
989 2841 1053 2906 quod
1062 2840 1134 2889 semel
1146 2839 1256 2890 Helnfiua
1265 2839 1360 2891 intulit.

472 3021 657 3096 urescerestaito.
681 3020 783 3078 Milium
797 3041 851 3077 non
872 3040 934 3079 vere
982 3039 1011 3079 ra
1046 3020 1208 3101 designanda
1243 3028 1344 3100 poetae·
1358 3035 1445 3082 amant

473 3100 566 3166 modo,
585 3098 630 3154 sed
650 3115 676 3155 et
697 3108 781 3154 anate
802 3099 864 3171 (hoc
876 3100 933 3173 jam
983 3100 1095 3157 siderum
1109 3114 1213 3156 motum
1224 3120 1445 3170 commemorare,

468 3175 587 3233 Hefiodi
608 3190 693 3242 aetate,
724 3195 803 3250 quem
822 3175 881 3232 vid.
905 3175 933 3231 in
983 3176 1109 3252 quoniam
1121 3195 1152 3233 ea
1166 3175 1235 3233 ratio
1248 3177 1445 3256 poeticumor-

472 3251 935 3328 Clipt0398.399)ethiemesere-
982 3268 1074 3310 natum
1096 3252 1228 3311 admittit.
1292 3255 1445 3314 namet

471 3323 566 3398 batur3
589 3330 658 3385 unde
678 3327 811 3384 calumnia
829 3327 935 3386 Senecae
982 3330 1086 3408 signum
1110 3329 1185 3386 verni
1211 3331 1357 3408 temporis;
1385 3353 1443 3390 eum

470 3407 556 3483 Epist.
573 3405 744 3470 LXXXVI,
765 3406 798 3461 de
809 3424 861 3479 qua
875 3406 932 3463 vid.
983 3407 1028 3464 Sol
1064 3407 1112 3464 illo
1138 3422 1258 3484 tempore
1283 3409 1379 3468 adibat
1402 3409 1444 3466 IV

471 3484 562 3541 Corda
575 3501 601 3538 et
616 3481 760 3539 Martinus.
801 3480 873 3538 Vere
894 3498 932 3538 ta·
981 3484 1045 3542 Kal.
1086 3483 1184 3541 Maias.
1229 3484 1306 3542 conf.
1357 3486 1443 3547 Petav.

470 3581 533 3618 men
563 3559 773 3616 commodisfima
807 3558 875 3616 satio
904 3580 931 3616 v.
983 3561 1094 3618 Autlar.
1118 3561 1174 3636 Op.
1195 3561 1230 3617 de
1253 3561 1343 3621 doslr.
1365 3578 1443 3641 temp.

471 3638 581 3693 Colum.
596 3637 636 3703 II,
648 3636 688 3715 ξς,
707 3641 749 3695 18.
770 3635 826 3701 XI,
843 3656 870 3704 z,
886 3658 931 3711 33.
981 3637 1050 3706 VII,
1067 3658 1093 3712 3.
1134 3639 1278 3706 Candidus,
1298 3639 1355 3698 five
1366 3659 1414 3717 pro

472 3713 574 3771 Pallad.
590 3712 642 3769 IV.
670 3713 712 3770 tit.
736 3734 762 3787 3.
803 3712 930 3791 Geopon.
982 3728 1022 3771 ter
1057 3716 1149 3772 caelum
1190 3715 1326 3783 serenum,
1364 3719 1445 3796 pulis

469 3790 510 3857 II,
526 3793 571 3863 38.
587 3790 651 3847 milio
662 3801 733 3847 venit
745 3815 829 3847 annua
848 3815 931 3848 cnr-oa
981 3811 1052 3849 nunc
1075 3790 1187 3860 nubilio,
1232 3792 1287 3849 five
1320 3793 1443 3863 omnino,

468 3866 577 3944 poetica
591 3867 671 3942 copia
693 3867 796 3923 ditium
818 3867 928 3943 quidem
977 3885 1106 3944 quatenus
1119 3868 1203 3926 fidera
1212 3867 1348 3946 fulgentia
1360 3874 1443 3940 canda·-

468 3964 529 4022 pm,
552 3942 654 3998 milium
673 3944 776 4001 suitur.
791 3965 818 4001 v.
844 3946 928 4001 Colu-
977 3948 1012 4001 da
1033 3946 1171 4013 dicuntur,
1202 3955 1300 4003 auratis
1326 3948 1443 4017 cornibus,

468 4021 550 4080 mella
562 4019 601 4086 ll,
616 4040 632 4095 9
646 4039 713 4076 exn.
730 4021 800 4077 I'lin.
816 4020 928 4091 XVIII,
978 4022 1149 4081 rutilantibus
1181 4037 1290 4099 propter
1315 4023 1442 4084 lucidiffi-

469 4093 518 4164 2'6,
539 4098 599 4153 sett.
625 4098 661 4153 66
682 4113 768 4166 extr.;
801 4098 845 4155 sed
866 4119 929 4158 cum
978 4120 1034 4156 mas
1046 4100 1075 4157 in
1089 4099 1179 4157 fronte
1189 4100 1286 4166 stellas,
1306 4111 1444 4177 aperitun-

467 4176 584 4254 respestu
599 4174 717 4241 :ne-nez»,
738 4195 796 4248 quae
816 4195 849 4231 ex
874 4197 929 4234 uno
977 4200 1047 4242 nram,
1061 4197 1122 4234 cum
1137 4176 1200 4234 anni
1210 4191 1315 4254 tempus
1328 4177 1371 4248 id,
1389 4199 1444 4256 quo

465 4255 523 4312 satu
536 4251 611 4309 denis
628 4255 702 4328 (nam
717 4251 787 4326 apud
813 4252 928 4311 Plinium
978 4255 1054 4311 tellus
1067 4254 1181 4311 resoluta
1196 4253 1278 4311 liores
1295 4255 1396 4314 herbas
1410 4277 1444 4316 ue

467 4333 487 4388 Ι.
509 4333 528 4388 l.
551 4346 674 4406 corrupte
699 4333 795 4385 tricenis
815 4329 926 4405 legitur)
976 4330 1101 4397 effundit,
1133 4347 1192 4389 tum
1229 4329 1364 4408 incipian
1391 4275 1442 4391 led

466 4409 543 4464 annis
562 4409 650 4464 durat.
691 4427 756 4482 217.
779 4409 843 4463 218.
866 4408 929 4464 Vere
996 4428 1055 4465 uam
1070 4406 1199 4465 suaviter!
1219 4407 1445 4488 Emergerestdua

466 4509 587 4561 u-quum.
635 4484 747 4539 Ineunte
758 4502 819 4540 vere
832 4483 884 4539 sole
899 4484 928 4541 in
976 4428 1064 4544 lauri
1099 4500 1127 4541 et
1152 4484 1314 4544 adscendere
1348 4489 1444 4548 catum

466 4560 589 4622 Taurum
603 4560 725 4641 ingresso.
764 4560 810 4620 Ad
823 4574 927 4640 ternpo-
975 4576 1034 4644 tum
1057 4562 1145 4623 rideri
1168 4563 1270 4650 poeste
1316 4563 1445 4624 comibus

1092 4717 1094 4722 Ι
1133 4657 1144 4700 1
1355 4641 1448 4722 itaquo
