3575 5509
419 677 515 786 1v¹
694 646 1115 732 Pannonio
1182 703 1223 748 „

417 869 553 945 omnes
586 890 608 940 a
636 889 701 941 me
735 861 930 971 perlectos
959 859 1046 953 effe,
1073 861 1275 943 neminem
1293 892 1315 945 a
1334 895 1399 948 me

413 1001 617 1107 expediare
627 997 780 1079 velim:
811 999 940 1106 primo
963 998 1052 1079 loco
1071 1001 1263 1094 Servium,
1282 1004 1400 1086 Probi

413 1132 572 1213 lacinias
592 1160 683 1212 curn
700 1129 934 1239 exscriptore
953 1130 1066 1235 Julio
1082 1131 1239 1227 Sabino,
1262 1134 1407 1219 Dona-'

413 1288 500 1348 tum
527 1287 564 1347 et
589 1265 891 1376 Philargyrium,
912 1286 996 1345 tum
1017 1266 1224 1350 Heinfium
1242 1291 1280 1351 et
1299 1275 1408 1354 Bur-·

413 1432 618 1499 mannum,
649 1402 841 1514 a‘quibus
868 1421 1000 1482 tamen
1032 1401 1080 1480 ad
1111 1405 1399 1516 interpretatio-

411 1575 504 1628 nem
524 1542 839 1653 parum'frudtus
861 1539 977 1637 feras,
1008 1543 1194 1639 Cerdam,
1225 1545 1419 1647 doetiffi„

409 1712 522 1763 mum
549 1682 814 1791 interpretem,
843 1699 983 1791 proeter
1010 1682 1213 1763 Guellium
1231 1702 1269 1761 et
1287 1681 1397 1764 Urfi-

408 1847 523 1913 num,
552 1847 644 1899 curn
664 1817 858 1910 Martino,
888 1816 1089 1898 interdum
1118 1816 1324 1899 Catroeum
1356 1838 1396 1898 et

410 1960 596 2051 Ruaeum,
615 1959 790 2040 evolvere
806 1954 894 2061 satis
911 1953 1054 2037 habui:
1085 1985 1106 2036 e
1125 1956 1267 2068 quibus
1278 1986 1396 2068 *com-

335 2193 338 2197 .
409 2093 607 2180 mentariis
634 2091 854 2201 plurimum
885 2118 950 2169 me
977 2089 1179 2199 profeciffe
1204 2119 1285 2172 non
1303 2089 1396 2179 infi-¹

407 2232 498 2323 tior,
520 2230 620 2337 saepe
639 2249 770 2308 tamen
788 2228 858 2307 vix
873 2255 937 2306 me
952 2227 1242 2338 continui,quo
1262 2228 1393 2311 minus

406 2394 472 2446 eos
506 2362 686 2441 manibus
717 2360 883 2465 omnino
916 2359 1166 2469 deponerem,
1198 2389 1291 2441 cum
1321 2392 1398 2474 nee

406 2502 496 2585 satis
530 2499 620 2580 inde
651 2497 846 2591 utilitatis,
885 2497 1112 2610 taediivero
1150 2479 1394 2612 immensum

406 2659 615 2753 quantum,
637 2637 683 2717 ad
701 2665 764 2716 me
782 2636 938 2717 rediret.
978 2635 1196 2718 Destitutus
1214 2613 1388 2722 enim‘ab

405 2782 452 2862 iis
473 2782 513 2859 in
531 2776 687 2887 iisipsrs
704 2776 816 2871 locis,
847 2779 889 2856 in
909 2776 1052 2886 quibus
1070 2803 1209 2856 eorum
1227 2781 1389 2886 operam

404 2916 676 3007 defiderabam,
705 2915 745 2994 in
774 2916 938 3008 caeteris,
969 2943 1058 3025 quae
1081 2915 1236 3006 nudum
1255 2914 1389 2994 alienae

403 3056 494 3163 opis'
516 3049 747 3133 desiderium
777 3047 986 3141 faciebant,
1024 3070 1104 3131 tam
1134 3047 1312 3162 copiosos
1344 3077 1390 3133 ac

343 3242 355 3259 s
403 3192 540 3272 doctos
572 3219 639 3269 eos
671 3188 744 3269 effe
776 3188 971 3280 videbam,
1005 3210 1065 3287 ut,
1096 3189 1295 3299 quomodo
1330 3209 1389 3271 tot

402 3327 639 3435 elegantium
657 3347 695 3406 et
714 3346 915 3408 acutarum
929 3326 1241 3409 observationum
1257 3326 1387 3409 fructu

401 3462 658 3545 adolescentes
691 3492 762 3544 nec
794 3467 908 3574 plane
944 3466 1153 3576 privarem,
1191 3494 1263 3546 nec
1294 3449 1388 3547 cum

401 3599 520 3679 taedio
546 3598 735 3690 satiarem,
772 3629 853 3682 non
886 3602 974 3701 satis
1005 3602 1236 3692 invenirem.
1294 3602 1388 3681 Alia

371 3775 374 3783 ·
399 3753 533 3828 contra
560 3735 601 3813 in
629 3735 676 3813 iis
711 3762 827 3844 prave
859 3758 1030 3845 accepta,
1061 3736 1164 3851 male
1194 3733 1382 3845 exposita,

398 3890 462 3952 aut
492 3874 533 3952 in
561 3874 736 3955 tenebras
763 3875 939 3955 involuta
965 3873 1038 3955 effe
1066 3875 1263 3970 videbam,
1294 3904 1385 3985 quae

397 4008 503 4090 mihi'
524 4012 674 4093 nullam
703 4016 816 4123 plane
844 4014 1116 4095 difficultatem
1140 4011 1280 4095 habere
1306 4012 1385 4096 visa

396 4169 529 4240 erar'rt,⁸
557 4169 601 4232 ut
619 4177 805 4261 magnam
822 4150 1045 4235 doctrinam
1063 4153 1261 4236 ostendere
1279 4172 1316 4232 et
1335 4152 1383 4235 ad

395 4284 546 4367 vastum
580 4287 668 4369 satis
701 4292 1027 4375 commentarium
1063 4322 1193 4374 meam
1224 4320 1383 4403 operam

394 4419 555 4505 educere
582 4422 803 4540 potniffem,
832 4426 860 4508 fi
887 4457 939 4511 ex
967 4428 1196 4514 refellendis.
1213 4431 1383 4511 aliorum

1302 4563 1382 4648 five
