3575 5509
554 630 930 727 BUCOLICA,
978 623 1120 710 ECL.
1159 626 1231 768 IV}¹
1332 650 1379 734 77

397 846 503 933 poetam
515 846 551 905 ad
563 862 689 923 magnam
703 841 779 900 istam
798 858 891 906 aeram,
909 856 970 916 quae
988 855 1038 915 pro
1058 836 1208 895 revolutione
1218 846 1309 918 magni
1317 844 1385 899 anni

396 967 424 1013 et
444 951 602 1014 ἀποκαςάσει
621 944 744 1003 omnium
757 960 845 1000 rerum
858 930 1017 1007 habebatur,
1036 938 1173 1017 respexiffe
1192 938 1243 1014 (cf.
1265 942 1306 999 der
1318 943 1384 1023 Vig-

395 1058 460 1119 noles
472 1054 632 1133 Chronologie
642 1054 671 1109 de
682 1049 770 1126 l'Hrflt
782 1048 870 1106 Saintr
881 1045 966 1103 Tom.
979 1044 1020 1110 II,
1032 1064 1061 1123 pa
1076 1064 1143 1123 710.
1156 1050 1224 1124 711)
1236 1045 1268 1103 in
1279 1064 1383 1106 annum

397 1172 486 1221 tamen
506 1165 685 1215 memoratum
698 1171 714 1229 7
719 1169 756 1225 30
767 1148 845 1225 rejici
869 1146 926 1225 ipsa
946 1149 1042 1225 ecloga
1062 1166 1118 1204 non
1138 1150 1232 1224 potest,
1253 1148 1301 1207 nili
1319 1170 1382 1230 per.

379 1234 480 1341 'quam
498 1274 623 1323 contorte
645 1270 673 1318 et
695 1255 805 1316 adversa
826 1274 915 1313 rerum
927 1254 1124 1335 verborumque
1135 1254 1212 1313 omni
1224 1270 1331 1327 natura,
1349 1270 1384 1322 ut

399 1367 515 1448 probare
535 1366 562 1424 se
583 1385 643 1423 eam
665 1382 720 1421 rem
740 1363 894 1421 Burmantro
907 1360 1018 1452 potuiffe
1030 1360 1122 1421 mirer.
1162 1361 1231 1420 Non
1242 1364 1384 1425 oraculum

401 1473 512 1551 Sibyllae
533 1472 579 1531 sed
603 1468 718 1529 Hesiodi
736 1468 781 1525 IV
801 1482 889 1527 aetates
911 1457 1065 1527 a'Marone
1086 1468 1183 1547 respici
1204 1470 1384 1532 contendebat

402 1570 512 1635 Fabric·
525 1575 554 1633 in
567 1574 639 1634 Bibl.
653 1575 707 1633 Gr.
721 1574 805 1632 Tom.
819 1574 845 1642 I,
859 1593 908 1649 3:12
924 1594 968 1652 ¹9·

442 1680 666 1740 Communicavit
678 1698 784 1737 mecum
796 1676 840 1736 vir
853 1677 1029 1755 sagaciffimus
1037 1676 1164 1740 Cornelius
1176 1676 1314 1751 d'ePamv,
1327 1673 1384 1742 'Cae

404 1779 516 1839 nonicur
540 1779 637 1839 eccles.
659 1777 791 1837 Cathedr.
814 1775 970 1843 Xantenfis,
997 1796 1096 1835 novam
1114 1780 1304 1850 comesturam,
1329 1796 1386 1861 qua

403 1849 514 1958 nutabat
525 1877 573 1938 ille
585 1892 693 1957 poetam
707 1875 838 1953 respicere
849 1889 953 1952 tempus
969 1876 1068 1951 justum
1079 1875 1206 1936 ludorum
1217 1878 1386 1944 &colunum
1424 1966 1426 1971 Ι

402 1984 611 2049 edicendorum,
624 1979 699 2057 qued
713 1993 778 2036 tunc
790 1977 905 2036 instabat
912 2003 921 2048 ;
942 1977 1020 2037 fuisse
1032 1992 1121 2035 autem
1134 1977 1293 2056 opinionem
1304 1984 1386 2043 astro-

403 2088 544 2167 logorum,
563 2099 679 2163 quatuor
699 2082 801 2141 saeculis
823 2081 964 2159 Sibyllinis
986 2082 1100 2159 expletis
1121 2083 1157 2140 ad
1176 2102 1277 2142 novum
1297 2105 1389 2152 rerum,

406 2191 532 2253 ordinem
543 2190 593 2247 effe
604 2185 723 2245 reditura
739 2186 842 2255 omnia,
860 2185 1086 2263 succeffuramque
1099 2185 1197 2245 iterum
1216 2198 1321 2250 aetatem
1339 2214 1389 2251 aua

408 2304 493 2360 ream,
513 2310 547 2349 ex
569 2308 622 2367 qua
639 2301 766 2365 argentea
784 2302 811 2346 et
832 2287 941 2364 'reliquae
951 2287 1032 2344 effent
1044 2301 1112 2364 aptae
1123 2301 1150 2375 et
1161 2308 1246 2347 nexae.
1286 2291 1390 2353 Sane·

408 2391 481 2452 ludis
489 2380 668 2459 sacularibus,
677 2404 765 2469 quarto
776 2387 877 2446 habitis
890 2388 952 2446 loco
965 2408 990 2445 a.
1005 2388 1275 2467 61511608υῶ.
1290 2393 1390 2470 (incera

409 2505 438 2551 ta
455 2493 529 2552 enim
551 2493 623 2551 fama
644 2491 767 2549 tenebat:
790 2490 934 2549 Censorio.-
958 2511 1001 2569 ¹7·
1015 2512 1042 2549 v.
1055 2492 1091 2549 ad
1112 2492 1218 2554 Zostm.
1237 2496 1282 2556 ed.
1296 2498 1392 2559 Reite-

409 2599 502 2659 meier.
516 2617 544 2675 p.
560 2602 626 2677 542)
641 2594 819 2654 annumeratis
829 2594 908 2653 annis
919 2594 988 2652 CX.
1007 2616 1156 2677 anno715.
1189 2598 1392 2666 PollioneCos.

410 2698 468 2759 lieri
481 2699 581 2777 potuit,
592 2712 623 2755 ut
641 2711 701 2755 turn
715 2696 777 2755 ludi
788 2696 924 2755 saeculares
936 2698 1137 2774 expetlarentur
1144 2724 1153 2771 ;
1173 2700 1270 2761 vellem
1289 2717 1392 2775 tamen,

411 2817 442 2862 111
454 2797 507 2862 stre
518 2821 553 2860 ex
567 2800 691 2882 Virgilio
705 2800 776 2879 ipso,
798 2799 839 2874 (in
852 2800 928 2877 cujus
940 2799 1030 2889 verbis
1042 2801 1113 2859 nihil
1126 2805 1258 2876 occurrit,
1270 2809 1343 2884 quod
1355 2810 1393 2868 nd

412 2904 491 2964 ludos
503 2905 639 2962 saeculares
651 2898 762 2981 spetlet)
778 2902 831 2960 five
851 2921 886 2960 ex
905 2902 960 2959 alio
973 2902 1102 2982 scriptore
1120 2910 1327 2969 commemorari
1343 2912 1395 2971 ali·

413 3008 482 3087 quid
493 3008 587 3087 poliet,
602 3007 673 3065 unde
686 3008 721 3065 de
734 3006 807 3065 ludis
818 3005 989 3065 saecularibus
1004 3007 1127 3064 homines
1139 3021 1198 3067 tum
1209 3010 1336 3089 cogitasse
1348 3034 1396 3093 ap·

414 3126 535 3188 pareret:
550 3126 581 3168 ut
594 3129 628 3168 ne
639 3109 783 3167 inferretur
796 3108 825 3165 in
837 3123 945 3186 poetam
959 3108 1063 3185 aliquid
1075 3111 1196 3181 aliunde,
1208 3115 1285 3191 cujus
1297 3115 1327 3174 in
1339 3116 1398 3195 ipso

415 3226 494 3291 poeta
505 3214 610 3271 nullum
622 3213 764 3291 vestigium
783 3211 905 3270 habetur.
946 3211 1039 3271 Multo
1052 3214 1138 3293 magis
1149 3216 1336 3279 auiloritatem
1348 3224 1396 3284 de.

416 3314 502 3371 fidero
515 3315 676 3374 narrationis
686 3315 821 3391 desaecul'r's
834 3314 964 3393 Sibyllinis
976 3334 1091 3396 quatuor,
1109 3333 1137 3376 et
1148 3322 1178 3377 de
1180 3325 1228 3398 spe
1238 3331 1302 3380 novi
1316 3346 1398 3387 renem

418 3421 509 3477 ordinis
520 3421 569 3493 sub
586 3429 671 3500 quarti
671 3422 763 3497 saeculi
772 3424 896 3498 decursttm
907 3439 931 3480 et
948 3423 1015 3504 ludus
1024 3424 1160 3497 saeculares
1171 3435 1253 3505 quinto
1264 3426 1397 3488 habendos.

420 3520 482 3579 XII
501 3521 602 3582 Saecula
615 3525 731 3584 Romam
749 3527 799 3583 effe
819 3527 974 3586 duraturam
988 3528 1149 3614 vaticinium
1169 3531 1283 3609 aliquod
1304 3532 1398 3591 extitit

419 3620 456 3684 ex'
472 3626 588 3705 augurio
607 3628 667 3685 XII
681 3630 862 3689 vulturiorum
883 3631 996 3690 Romuli
1013 3648 1123 3710 captum
1141 3634 1226 3713 (apud
1253 3635 1399 3703 Censorio.¹

381 3794 383 3798 ¹
420 3744 448 3786 c.
467 3747 511 3807 ¹7·
531 3726 679 3787 eVarron'e
694 3729 790 3809 Antiq.
804 3730 853 3790 lib.
867 3731 983 3790 XVIII.
1004 3733 1052 3791 ubi
1066 3734 1164 3793 verba:
1184 3744 1296 3815 quoniam
1309 3738 1398 3798 CXX.
1441 3782 1443 3786 -

420 3853 498 3891 annos
519 3831 640 3891 incolumis
657 3838 812 3913 praeterifflt
829 3836 931 3913 populus
950 3840 1086 3906 Romanus,
1106 3842 1144 3897 ad
1159 3840 1227 3899 mille
1245 3858 1270 3899 et
1291 3842 1400 3901 ducentos

415 3946 616 4013 perventurum:
643 3933 698 3994 nori
718 3937 808 4015 capio.
843 3937 980 4018 Scriptum
992 3940 1064 4000 forre
1085 3942 1157 4000 fuit:
1185 3954 1296 4022 quoniam
1309 3944 1402 4008 DCC.

420 4057 497 4095 onnus
519 4038 641 4099 incolumis
658 4045 814 4120 praeterr'ifflt
827 4056 884 4121 pop.
898 4044 991 4117 Roma)
1029 4044 1134 4104 Verum
1147 4044 1182 4102 de
1193 4058 1309 4123 quatuor
1320 4046 1401 4105 saecu*

421 4139 457 4198 lis
469 4141 512 4231 seu
526 4124 648 4205 aetatibut
661 4166 748 4206 rerum
771 4148 908 4207 durationi
929 4136 1080 4209 constitutis
1092 4150 1163 4209 nihil
1181 4152 1250 4209 mihi
1263 4168 1404 4210 occurrere
1455 4195 1461 4202 .

423 4247 548 4307 tuemini.
588 4251 660 4309 Filio
672 4274 754 4332 porro
773 4274 806 4316 ex
828 4254 949 4314 Pollione
963 4256 993 4324 in
1006 4257 1058 4316 hoc
1071 4257 1131 4336 ipso
1143 4277 1214 4316 anno
1226 4271 1290 4314 nato
1311 4269 1403 4345 gratu-

424 4346 476 4408 lari
488 4352 612 4429 potuisset
625 4371 705 4434 poeta
717 4360 817 4421 natales
828 4374 884 4419 tarn
897 4359 975 4421 fausti
988 4362 1106 4433 ominis;
1128 4382 1184 4422 non
1203 4379 1268 4429 vero
1287 4361 1326 4416 ad
1339 4382 1408 4444 eum,¹

1285 4482 1406 4544 tanquam
1524 4482 1526 4487 ’
