3575 5509
543 671 955 829 „Boeotico
1005 696 1151 792 u‘ctss
1190 718 1258 796 nr.
1336 724 1419 817 ες,

340 921 343 926 ’
403 921 465 1010 At,
489 918 595 993 fimul
609 918 760 993 heroum
776 920 896 991 laudes
911 936 946 991 et
963 918 1054 991 satia
1069 918 1224 1014 parentis

401 1054 485 1155 Jam
500 1058 630 1154 legere
654 1073 689 1128 et
705 1064 787 1151 qu‘ae
805 1057 848 1128 fit
863 1053 997 1151 poteris
1013 1053 1351 1151 cognoscereu'irtus
1370 1088 1381 1138 ς

401 1190 511 1265 Molli
528 1190 717 1289 paullatim
733 1189 896 1262 flavescet
910 1193 1059 1285 campus
1073 1188 1188 1278 arista,

398 1327 616 1431 Incultisque
631 1325 759 1407 rubens
775 1326 947 1427 pendebit
962 1327 1118 1407 sentibus
1135 1352 1206 1401 uva
1215 1362 1227 1411 ς

433 1550 474 1601 26.
487 1551 522 1600 Ac
531 1548 610 1600 multi.
622 1548 654 1599 Et
663 1564 774 1615 unusqu.
785 1551 946 1616 Moretsatta
952 1560 1065 1616 parmam
1075 1550 1161 1617 fragm.
1176 1552 1269 1602 Moret.
1277 1562 1303 1601 et
1314 1553 1379 1601 Gud.

401 1627 472 1679 asee.
484 1642 566 1688 manu,
580 1638 606 1677 et
625 1626 900 1690 Rom.'Pietii.··-'·27.
914 1638 935 1675 et
951 1633 1039 1693 poteris,
1058 1630 1140 1693 quasa
1155 1645 1217 1679 uuus
1231 1629 1381 1679 nent-m

402 1702 443 1759 28.
451 1705 550 1772 flavescit
565 1703 630 1755 Gud.
644 1718 706 1753 am.
716 1718 753 1771 pr.
769 1703 886 1755 Rutteud.
904 1714 961 1755 tert.
979 1714 1004 1756 et
1022 1706 1064 1776 qu.
1083 1708 1172 1759 Mutet.
1254 1753 1255 1756 ,

401 1913 539 1974 Arneniae
550 1928 578 1974 et
597 1913 702 1974 Mediae
720 1932 753 1973 ea
773 1914 865 1993 planta
915 1917 964 1983 16,
976 1932 1014 1989 43
1028 1915 1122 1973 Reddit
1132 1913 1179 1973 ubi
1189 1914 1302 1973 Cererem
1310 1913 1380 1971 tellus

399 1991 472 2050 effer.
485 1993 523 2050 cs.
538 1991 625 2050 Mart.
636 1991 665 2049 h.
677 1992 698 2049 l.
913 1990 1018 2048 inarata
1037 1999 1175 2069 quotannis,
1195 1992 1230 2047 Et
1248 1990 1381 2070 imputata

441 2068 489 2126 26.
503 2087 550 2145 27·
561 2066 621 2124 Ubi
629 2067 786 2129 adoleveris.
801 2064 867 2126 Hoc
905 2070 981 2145 stores
1001 2071 1073 2147 usque
1090 2075 1189 2137 vinea‚·
1211 2067 1340 2125 Gemmas
1357 2083 1382 2125 et

401 2141 540 2219 splendide
559 2143 738 2202 enuntiatum.
771 2142 868 2202 heroum
915 2167 1039 2223 nunquam
1050 2142 1171 2221 fhllenris
1183 2160 1269 2204 termes
1292 2144 1381 2212 olivae,

401 2219 487 2279 landes
503 2217 564 2278 sunt
583 2219 653 2277 sada
672 2219 751 2277 laude
771 2219 801 2277 di
822 2240 868 2287 na,
915 2234 969 2280 etc.
989 2220 1060 2279 Haec
1072 2235 1165 2278 omate
1176 2220 1284 2278 extulit.
1311 2220 1381 2279 Mol·

402 2310 434 2358 ut
447 2300 510 2353 κλέα
525 2296 612 2379 &sigeio
629 2298 707 2374 signius
721 2298 792 2375 apud
801 2239 869 2355 iso·
917 2296 949 2376 lis
972 2303 1049 2375 ansta
1070 2317 1126 2375 quo
1151 2296 1225 2353 sensu
1245 2296 1317 2354 dieta
1337 2297 1381 2367 sit,

402 2392 469 2431 mer.
488 2371 570 2433 Iliad.
595 2401 631 2451 χ,
652 2394 717 2453 ςιο,
757 2377 868 2444 Parem,
916 2373 1084 2452 ambigitur:
1114 2373 1253 2432 communi
1279 2374 1327 2432 usu
1351 2387 1381 2431 et

384 2451 568 2586 ¹cu'uppatta
582 2450 671 2528 legere
690 2450 801 2529 poterit,
820 2466 868 2509 aut
915 2450 1019 2511 ratione
1031 2451 1093 2518 erit,
1112 2470 1172 2529 quae
1188 2451 1277 2508 adhuc
1299 2450 1380 2509 estin

400 2470 457 2603 ipse
498 2527 634 2586 &avianus
647 2528 695 2596 est,
714 2526 781 2586 fide
794 2526 866 2586 Scri·
914 2527 1009 2594 herba,
1028 2547 1138 2607 gramen
1160 2526 1259 2597 tritici,
1282 2527 1376 2590 herba.

400 2602 490 2661 boniae
502 2606 586 2681 puero
598 2605 689 2683 agitur
699 2625 711 2674 ;¹
727 2618 785 2671 aut,
798 2606 817 2663 ti
830 2604 865 2664 de
914 2604 959 2663 Sic
973 2606 1073 2663 Seneca
1086 2604 1170 2685 Epist.
1188 2604 1378 2684 124scamfol-

402 2679 525 2738 oetaviae
535 2696 625 2759 partu,
644 2682 680 2740 C.
701 2679 864 2749 Marcellus3
912 2681 1192 2759 It'culostexsesitspica
1211 2661 1299 2741 massis.
1338 2682 1381 2739 Ita

399 2757 478 2832 cujus
490 2771 579 2815 tamen
590 2758 676 2817 virtus
687 2776 749 2815 cum
769 2777 863 2836 parum
913 2762 990 2835 arssa
1003 2760 1091 2837 impro
1112 2759 1151 2816 rie
1163 2759 1245 2817 diua.
1285 2757 1325 2814 At
1345 2778 1390 2816 ue-

398 2832 502 2892 nobilis
525 2848 553 2892 et
577 2833 710 2893 celebrata
734 2834 778 2903 fit,
797 2834 864 2892 arri.-
913 2834 952 2893 ita
963 2842 1073 2912 poetam
1084 2781 1183 2893 sbnsrffe
1195 2838 1284 2894 nullus
1299 2779 1381 2893 dibi-¹

399 2909 500 2987 pienda
510 2909 563 2969 erit
581 2912 746 2988 conjeiiura,
760 2930 776 2969 a
788 2909 865 2972 Mar·
914 2926 964 2969 to:
983 2929 1053 2984 nova
1078 2912 1166 2990 segete
1189 2911 1283 2987 sponte
1300 2926 1382 2969 enata

400 2985 462 3045 tino
486 2986 521 3045 ad
546 3008 574 3046 v.
593 3000 637 3067 ἰς
660 2986 806 3066 proposita,
835 3001 866 3048 ut
913 2987 1055 3064 paullatim
1077 3008 1141 3065 ager
1154 2988 1309 3045 efflorescet.
1349 2987 1380 3046 si

400 3062 571 3122 soncinsans
590 3065 638 3123 ille
659 3065 693 3122 ab
712 3064 865 3128 Oiiaviano
913 3082 978 3122 vero
1004 3069 1105 3143 aristam
1135 3063 1245 3141 proprie
1278 3063 1382 3123 dietam

400 3139 553 3219 adoptatus,
571 3157 617 3199 aut
641 3156 713 3205 certe
738 3141 766 3199 in
791 3142 866 3219 pacis
913 3142 1070 3206 contendas,
1093 3153 1124 3197 ut
1149 3140 1181 3198 fit
1202 3138 1275 3217 spica
1294 3141 1382 3217 frugis

401 3217 605 3277 conditionibus
618 3220 708 3295 aliqua
721 3218 826 3281 tatione
839 3217 866 3276 ei
910 3216 968 3291 jam
989 3217 1081 3276 adulta
1100 3230 1128 3274 et
1151 3218 1265 3286 firmata,
1296 3237 1381 3293 quan-

387 3292 540 3371 -instgniter
572 3295 739 3373 prospestum
771 3294 863 3359 suerit.
913 3293 1062 3371 doquidem
1085 3298 1207 3383 flavescet
1245 3294 1380 3372 adjedium

401 3368 476 3426 Cum
489 3385 577 3428 tamen
597 3386 624 3429 et
641 3373 724 3448 hujus'
741 3372 780 3429 rei
798 3373 864 3432 fides
913 3371 961 3436 est,
993 3384 1050 3427 tum
1084 3390 1113 3429 tn
1146 3370 1284 3449 epitheto
1302 3372 1381 3431 mollis

401 3444 518 3516 laboret,
549 3447 632 3505 altera
661 3448 762 3506 lessio:
783 3454 865 3527 sabla
913 3447 1041 3519 haerebis3
1062 3462 1090 3505 et
1115 3462 1162 3505 aut
1188 3447 1378 3525 accipiendum

396 3536 532 3597 parentum
553 3524 581 3582 h.
616 3526 747 3602 majorum
776 3526 865 3603 gentis
913 3524 1079 3591 erit,uts1t
1104 3525 1195 3584 laevis:
1215 3544 1278 3600 cum
1304 3546 1378 3584 nunc

402 3596 542 3657 Marcella
577 3600 759 3678 ampleiienda
802 3601 863 3660 erit.
913 3620 998 3678 grana
1017 3602 1141 3662 tenuibus
1164 3603 1325 3680 quibusdam
1350 3617 1380 3662 et

404 3694 452 3752 27·
472 3677 596 3753 quae-fit
618 3686 712 3744 virtus,
732 3696 791 3753 pro,
808 3678 863 3738 vir·
913 3676 1000 3735 acutis
1012 3679 1124 3746 acubus,
1144 3680 1379 3756 tamquamvallis‚

400 3763 490 3809 tutem
526 3753 704 3841 cognosceret
731 3753 864 3829 frequenti
912 3754 999 3811 obsita
1011 3755 1073 3821 sint,
1088 3775 1158 3814 novo
1167 3757 1299 3814 miraculo
1311 3757 1378 3814 aris-

400 3835 555 3911 poetarum,
568 3830 692 3907 inprimis
706 3829 865 3897 Homerico,
914 3844 948 3889 tae
960 3846 1017 3886 turn
1029 3846 1107 3889 erunt
1122 3833 1232 3910 glabrae.
1272 3833 1315 3891 Ita
1326 3833 1378 3891 cti·

401 3904 460 3964 usu.
509 3905 603 3962 Nimis
627 3920 721 3985 argute
746 3906 779 3963 ad
804 3906 865 3985 phi.
914 3926 957 3964 arn
969 3906 1114 3965 Martinus.
1143 3910 1377 3969 Autmolleserunt

399 3982 530 4060 losophiae
541 3980 713 4059 disciplinam
726 3983 846 4041 trahunt.
914 3998 1021 4052 tenerae,
1040 3987 1114 4062 quod
1124 3986 1259 4044 aristarum
1271 3986 1377 4064 epithe-

397 4124 399 4127 Α
440 4063 577 4134 28.-30.
599 4060 659 4118 Ubi
683 4080 749 4140 puer
774 4061 865 4118 adole·
913 4074 962 4117 ton
986 4062 1050 4120 AEn.
1074 4060 1143 4129 VII,
1167 4068 1222 4141 809
1246 4064 1376 4121 habetur:

402 4136 482 4204 verit,
502 4140 589 4214 major
609 4141 665 4215 jam
687 4154 763 4195 terrae
786 4137 867 4196 cultis
914 4162 956 4196 nec
973 4155 1069 4198 teneras
1087 4147 1156 4216 cursu
1173 4128 1378 4217 laestffitdrssas.

400 4225 429 4267 et
442 4212 557 4270 felicitas
568 4216 621 4272 erit
639 4215 727 4294 (conf.
747 4216 783 4273 ad
799 4218 864 4288 18);
914 4214 957 4271 Ita
975 4217 1054 4273 molles
1072 4217 1101 4275 h.
1120 4237 1145 4274 e.
1167 4232 1263 4287 tenerae
1280 4221 1376 4293 arfiae,

400 4288 540 4347 nascentur
564 4290 656 4369 sponte
674 4292 775 4369 fruges,
795 4312 865 4360 uvae,
916 4308 946 4350 ut
967 4293 1043 4351 mollis
1062 4295 1194 4362 acanthus,
1221 4292 1298 4350 mollis
1308 4299 1375 4369 jun·

400 4367 464 4422 mel.
489 4366 573 4445 Quod
579 4374 665 4445 sponte
676 4370 733 4427 haec
742 4369 820 4437 fiunt,
833 4387 867 4424 ex
915 4394 967 4432 cus,
998 4369 1067 4427 molle
1088 4371 1163 4446 filer.
1234 4368 1374 4426 Caetetum

395 4442 867 4523 omniconfiliopoiitaemanifestum:
914 4447 996 4523 poe'ta
1009 4446 1124 4522 segetem
1142 4447 1188 4504 sua
1209 4445 1226 4502 s
1240 4460 1302 4502 onte
1312 4465 1376 4503 ena-

398 4519 446 4577 etsi
468 4520 607 4579 nonsatis
642 4523 739 4580 diserte
760 4521 869 4599 expres-
914 4522 1138 4595 tam,incultam,
1156 4466 1245 4580 inteiii
1281 4540 1309 4578 re
1326 4541 1376 4599 pu·
1438 4565 1440 4568 ·

394 4593 454 4671 sum
462 4598 508 4661 est.
521 4596 656 4661 Disertiur
664 4599 764 4663 Horat.
778 4598 868 4682 Epod.
915 4598 1022 4663 raudus.
1045 4599 1119 4660 conf.
1146 4595 1233 4660 Osid'.
1306 4611 1327 4656 t.
1349 4600 1376 4667 1,
1429 4646 1433 4656 .

393 4719 396 4730 ·
1033 4700 1038 4715 .
1313 4696 1380 4761 ¹⁰9·
