3575 5509
632 699 988 791 coorcrnus
1029 713 1155 788 Mss.
1342 732 1384 791 u

402 949 472 1025 qua
495 919 569 994 vid.
593 917 659 991 inf.
710 915 972 991 Adservabatur
999 914 1059 988 ille
1090 915 1126 986 in
1160 913 1380 989 bibliotheca

402 1048 583 1133 Vaticana,
607 1046 645 1117 in
678 1069 749 1141 qua
780 1061 900 1115 tamen
926 1042 1050 1114 frustra
1082 1064 1165 1113 eum
1195 1040 1379 1138 quaerebat

399 1171 576 1245 Bottarius
602 1166 706 1265 praef.
735 1167 779 1239 ad
804 1166 932 1265 fragm.
951 1166 1067 1238 Vatic.
1085 1190 1123 1262 p.
1141 1166 1186 1238 V.
1236 1166 1377 1263 Mirum

400 1298 449 1370 est
468 1297 512 1369 de
525 1322 568 1369 eo
593 1293 646 1366 nil
662 1294 889 1366 memoratio
915 1293 1000 1365 viris
1018 1294 1146 1380 deciis,
1170 1294 1308 1389 quoties
1333 1293 1377 1365 de

399 1422 503 1495 claris
522 1419 713 1517 Pomponii
729 1419 914 1511 codicibus
930 1436 1052 1516 agunt,
1072 1435 1113 1490 ut
1130 1416 1250 1506 Pcrfii,
1267 1416 1379 1490 Pom-

397 1545 473 1642 peii
491 1544 602 1629 Festi;
624 1568 670 1615 ne
682 1542 807 1640 Apost.
839 1531 960 1614 'Zeno
976 1541 1124 1638 quidem
1141 1540 1225 1631 Diffi
1247 1536 1381 1629 Vofflane

398 1689 438 1762 p.
459 1685 526 1763 243
545 1663 593 1761 sq.
655 1664 768 1737 Levat
783 1681 904 1737 tamen
924 1660 1135 1735 desiderium
1152 1659 1259 1733 Pierii
1282 1661 1320 1732 in
1336 1683 1380 1732 eo

396 1788 599 1863 adhibendo
614 1789 811 1886 diligentia.

447 1911 548 1987 Codex
560 1913 811 2011 longobardicus
827 1912 948 2001 Pierii,
962 1917 1079 2009 vquern
1099 1937 1157 1983 non
1179 1917 1271 2008 piget
1290 1916 1379 1994 evol.

396 2039 486 2133 viffe,
509 2055 551 2111 ut
568 2038 628 2109 iile
645 2038 690 2108 de
715 2062 757 2110 eo
774 2055 899 2110 monet
922 2038 968 2108 ab
987 2037 1147 2111 Bucolic.
1178 2037 1293 2133 princ.
1343 2037 1379 2107 A

397 2164 603 2237 charactere
631 2187 762 2235 nomen
786 2163 1005 2259 impofitum,
1035 2163 1097 2259 qui
1125 2182 1244 2236 tamen
1269 2161 1382 2255 qualis
1452 2185 1459 2193 ·

399 2287 455 2377 fit,
477 2312 521 2361 ex
543 2289 689 2368 nomine
712 2290 773 2360 vix
794 2290 942 2362 definire
963 2288 1051 2363 aufit
1070 2276 1209 2385 aliquis,
1234 2313 1319 2361 cum
1341 2291 1381 2361 in

396 2410 584 2508 scripturae
620 2413 764 2484 notione
805 2412 1006 2485 definienda
1042 2413 1145 2486 valde
1178 2412 1380 2485 fludiuarint

395 2532 618 2631 superiorum
633 2535 843 2609 saeculorum
858 2535 989 2610 critici.

452 2656 551 2732 Codex
566 2660 732 2732 Mediceus
750 2659 878 2732 Pierii:
904 2660 950 2732 ab
966 2684 1020 2748 eo,
1044 2685 1154 2757 quem
1181 2627 1378 2759 Fogginius
1446 2683 1448 2688 ·
1553 2754 1559 2762 ¹

401 2779 573 2876 expressit,
597 2783 721 2879 utique
738 2782 904 2869 diversus,
934 2783 1030 2878 quod
1047 2784 1102 2856 vel
1118 2783 1203 2855 hinc
1220 2784 1381 2880 colligas,
1438 2808 1440 2812 ·

399 2904 485 2999 quia
507 2905 545 2976 in
565 2906 684 3002 prima
704 2906 824 2978 statim
848 2904 1026 3003 Eclogaa
1053 2904 1170 2977 Pierio
1194 2907 1380 2991 laudatur;

399 3023 641 3123 Fogginianus
659 3054 743 3103 vero
759 3030 804 3101 ab
819 3029 924 3103 initio
939 3029 1087 3101 mutilus
1111 3030 1180 3112 est;
1206 3032 1268 3103 etfi
1294 3033 1383 3104 leci-

401 3150 514 3224 tiones
532 3151 612 3224 sunt
628 3177 710 3249 quae
739 3176 824 3226 curn
850 3154 913 3225 ilio
935 3152 1163 3240 conveniunt,
1186 3153 1279 3249 inpr.
1296 3154 1381 3228 AEn.

403 3272 493 3366 XII,
517 3300 581 3351 221
614 3279 777 3374 pubentes,
802 3278 899 3374 quod
932 3277 1119 3350 Mediceus
1151 3302 1172 3350 a
1204 3277 1383 3377 Fogginio

404 3400 547 3473 excusus
569 3402 608 3473 in
632 3399 739 3474 litura
768 3402 885 3474 habet.
907 3408 911 3417 '
937 3401 1035 3474 Eum
1062 3400 1154 3472 inter
1177 3401 1381 3475 emendatos

403 3522 484 3613 effe,
507 3524 552 3597 ad
564 3527 720 3599 Bucolic.
739 3552 794 3624 pr.
828 3527 964 3599 Pierius
993 3525 1152 3597 testatur.
1203 3522 1305 3595 Num
1321 3524 1383 3597 ille

401 3647 599 3738 etiamnum
623 3650 661 3721 in
688 3673 821 3747 magno
847 3650 912 3722 illo
934 3648 1040 3721 codd.
1064 3647 1288 3744 Virgilianor.
1315 3670 1384 3720 nu-

403 3794 517 3861 mero,
542 3774 604 3869 qui
630 3776 669 3846 in
689 3756 856 3850 Medicea
872 3773 1066 3862 servantur,
1090 3773 1206 3856 lateat,
1238 3790 1311 3841 non
1327 3769 1386 3841 di-

403 3893 531 3966 xerim.
1149 3914 1151 3918 ·
1346 3917 1348 3921 ·

458 4013 645 4092 Lectiones
661 4022 836 4095 variantes
851 4044 894 4093 ex
911 4018 1038 4092 iisdem
1058 4016 1159 4089 libris
1179 4015 1289 4089 modo
1306 4036 1386 4086 me-

404 4143 565 4231 moratis,
590 4145 720 4241 quibus
737 4147 870 4220 Pierius
887 4146 968 4219 usus
985 4144 1108 4232 fuerat,
1128 4144 1173 4216 ad
1189 4142 1386 4215 editionem

403 4242 605 4358 Juntinam‚
623 4267 711 4357 forte
727 4271 773 4342 ab
789 4270 897 4368 ipsius
914 4268 1020 4341 Pierii
1037 4291 1155 4352 manu,
1172 4278 1309 4361 notatas
1322 4264 1387 4336 ha-

403 4384 485 4458 buit
513 4383 695 4482 Heinfius,
725 4411 950 4488 memorante
983 4392 1107 4464 Burm.
1134 4389 1171 4459 in
1208 4385 1311 4484 praef.
1341 4385 1388 4457 ad

405 4502 537 4618 virgil.
557 4510 691 4587 Pierius
717 4534 838 4590 tamen
854 4534 985 4614 praeter
998 4513 1081 4585 istos
1098 4509 1284 4583 nonnullos
1300 4506 1389 4574 alios

406 4651 516 4706 manu
544 4633 753 4715 versaverat.
803 4641 860 4713 Ita
889 4638 1065 4712 Codicem
1093 4633 1251 4714 Fortium,
1278 4624 1390 4697 COdl-

869 4763 895 4835 d
921 4785 941 4834 2
1309 4770 1393 4821 cem

1330 4887 1346 4920 e
