3575 5509
422 697 496 769 204
680 674 1155 763 PROOEMIUM

420 903 481 951 ma
502 899 572 951 non
598 878 787 964 convenit3
821 879 956 952 diversa
981 884 1161 984 utriusque
1182 853 1322 983 natura,
1354 897 1421 974 di.

420 1004 536 1077 versus
552 977 690 1102 genius,
704 1002 882 1077 diversum
898 1006 1095 1083 confilium.
1137 1013 1319 1093 Hesiodus
1337 1047 1415 1097 non

419 1128 609 1227 Georgica,
634 1128 669 1201 li.
688 1152 719 1201 e.
739 1129 784 1202 de
799 1153 837 1202 re
853 1132 993 1222 rustica,
1018 1133 1154 1234 scripsit
1171 1159 1232 1215 aut
1249 1144 1413 1223 scribere

416 1256 542 1344 voluit,
579 1252 637 1326 sed
667 1251 775 1323 totius
814 1253 901 1324 vitae
928 1255 1143 1351 domesticae,
1180 1266 1298 1361 qualis
1327 1285 1411 1346 tum

416 1398 503 1465 erat,
539 1374 739 1474 conjuntfiae
766 1373 902 1448 scilicet
928 1378 1022 1451 illius
1050 1382 1291 1468 velmaxime
1316 1413 1405 1468 cum

415 1500 679 1600 agricolatione,
712 1498 864 1570 rationes
888 1502 1038 1589 tradere,
1061 1505 1266 1600 prudentiae
1291 1513 1402 1589 etiam

414 1644 450 1701 et
480 1649 622 1698 morum
649 1640 829 1717 praecepta
858 1647 1067 1721 proponere.
1136 1627 1246 1728 Qod
1277 1653 1401 1712 autem

414 1750 601 1825 Ascraeum
623 1766 767 1816 carmen
792 1745 948 1841 appellat
972 1747 1075 1820 suum
1098 1773 1187 1847 opus
1214 1754 1401 1854 Virgilius,

412 1870 452 1944 id
470 1894 511 1941 eo
527 1867 694 1964 pertinet,
721 1864 817 1960 quod
835 1866 872 1936 in
888 1864 995 1938 simili
1008 1867 1078 1940 fere
1088 1894 1219 1967 genere
1230 1875 1401 1969 versatur,

412 2020 485 2068 non
506 1991 603 2089 quod
625 2013 668 2060 ex
689 1987 867 2060 Hefiodeo
890 1990 1044 2084 petitum
1057 2011 1118 2063 aut
1143 1993 1397 2094 transcriptum

413 2138 473 2195 aut
491 2118 535 2191 ad
547 2117 620 2215 ejus
640 2114 793 2186 formam
810 2113 859 2183 est
876 2114 1127 2209 'compositum
1179 2115 1300 2190 Potest
1315 2120 1396 2217 qui.

404 2242 497 2324 ,dem
522 2238 649 2333 aliquis
669 2236 711 2305 in
736 2259 816 2306 eam
839 2235 1048 2330 opinionem
1066 2236 1208 2324 adduci,
1233 2257 1344 2338 atque
1358 2241 1394 2314 in

410 2387 490 2436 eam
508 2362 579 2456 jam
597 2359 691 2431 Dan.
718 2356 908 2432 Heiiisium
924 2357 1058 2430 Introd.
1081 2360 1126 2432 ad
1148 2359 1300 2434 Hesiod.
1318 2390 1352 2440 e.
1368 2396 1391 2460 4

411 2483 539 2556 veniffe
564 2478 667 2551 video
683 2483 713 2564 *,
739 2499 778 2550 ut
802 2497 863 2550 aut
887 2482 1070 2575 quoddam
1093 2484 1202 2572 aliud,
1227 2505 1290 2560 aut
1314 2491 1390 2579 hoc,

408 2606 507 2704 quod
528 2604 709 2688 habemus,
743 2601 894 2675 Hesiodi
919 2629 1008 2701 opus
1034 2607 1123 2678 olim
1150 2610 1267 2684 multo
1292 2615 1389 2688 locu·

357 2723 360 2730 ’
407 2730 537 2826 pletius
554 2745 589 2799 et
610 2726 749 2824 plenius
772 2728 922 2800 extitille
945 2731 1132 2804 existimet.
1184 2735 1278 2835 Qis
1294 2740 1389 2813 enim

406 2852 445 2926 iii
470 2851 533 2922 tali
557 2852 757 2948 argumenti
774 2852 990 2938 tractatione,
1014 2855 1156 2948 qualem
1173 2864 1270 2932 nunc
1294 2860 1331 2934 in
1347 2885 1390 2934 eo

405 2973 580 3061 videmus,
605 2999 675 3045 non
699 2973 849 3045 miretur
873 2973 1059 3063 Catonem,
1084 2977 1145 3072 qui
1166 2979 1263 3075 apud
1284 2981 1386 3055 Cice„

405 3125 532 3175 runem
553 3101 603 3173 ita
622 3099 777 3196 disputat
793 3099 827 3189 †,
851 3118 890 3170 ut
907 3102 945 3174 de
946 3102 1145 3193 stercorandi
1158 3104 1305 3175 utilitate
1317 3108 1387 3178 doc.

403 3239 470 3296 tum
489 3225 653 3315 Hcssodum
668 3250 706 3295 ne
726 3227 855 3296 verbum
876 3227 997 3321 quidem
1012 3225 1137 3327 feciffe,
1162 3245 1295 3318 moneat,
1320 3255 1384 3310 cuni

402 3353 442 3422 de
467 3354 592 3422 cultura
616 3354 690 3445 agri
699 3352 889 3443 scriberet?
920 3349 1019 3447 Qid
1044 3370 1164 3423 autem
1188 3353 1385 3430 Manilium

400 3473 588 3566 sequutum
605 3474 671 3546 effe
686 3469 903 3568 putabimuS,
927 3473 1000 3568 qui,
1026 3475 1113 3545 dum
1128 3474 1280 3547 Hesiodi
1298 3499 1384 3572 ope.

399 3623 437 3672 ta
453 3618 601 3689 enarrat,
643 3603 824 3688 'rriiaetiora
848 3598 977 3697 inquit,
1003 3602 1089 3670 ruris
1115 3602 1220 3680 cultus
1244 3601 1384 3698 legesqte

437 3799 455 3833 ⁵
474 3801 531 3877 Jos.
546 3803 678 3880 Scaliger,
691 3805 739 3882 qui
752 3793 786 3861 ad
801 3803 864 3860 Ma-
912 3803 1018 3862 Tzetza
1058 3824 1153 3868 tooem.
1172 3805 1206 3861 ad
1221 3801 1384 3863 Heliodum·

397 3875 461 3936 nilii
485 3882 576 3937 locum
605 3883 675 3938 hanc
706 3880 864 3938 sententiam
911 3880 987 3939 Idem
1044 3898 1120 3940 zetza
1150 3880 1256 3959 Orphei
1280 3880 1383 3937 librum

397 3954 588 4090 improbabat,
628 3958 667 4014 ita
703 3972 792 4018 tamen
833 3958 866 4014 in
912 3957 1116 4047 Georgieorutn
1129 3959 1242 4027 laudata.
1264 3956 1310 4024 sed
1322 3975 1384 4014 ver·

396 4034 486 4091 veris
527 4033 640 4093 Manilii
674 4035 800 4101 larebat,
835 4048 865 4090 ut
913 4035 955 4091 sus
969 4033 1056 4093 ex'iis
1074 4035 1205 4094 excitatos
1217 4034 1246 4092 in
1260 4031 1383 4092 Maximi
1487 4071 1490 4082 ·

395 4129 458 4169 eum
484 4110 554 4170 forte
580 4110 685 4188 Orphei
706 4113 789 4188 'Eg-,a
821 4111 867 4169 aar*
914 4111 1071 4192 Philosophi
1081 4115 1116 4170 de
1127 4109 1316 4176 Eleffionibue
1325 4127 1388 4170 car-

393 4188 505 4265 Ἢμὲςας
547 4188 670 4245 Hesiodo
713 4188 862 4247 attribuiffe
908 4189 982 4247 mine
995 4190 1080 4266 (quod
1091 4189 1233 4247 Fabricius
1245 4185 1382 4246 Biblioth.

393 4268 567 4355 conjedaret,
585 4267 663 4342 cujus
687 4263 748 4322 sane
773 4265 861 4343 operis
909 4267 965 4330 Gr,
976 4265 1041 4324 Vol.
1051 4265 1139 4334 VIII,
1149 4263 1380 4353 p.415i1tseruit)

392 4342 505 4404 iniuum
525 4363 588 4401 curn
605 4341 768 4401 Marinianis
782 4342 861 4399 versr·
909 4342 1026 4401 inveniri
1047 4342 1118 4406 uidit
1135 4343 1293 4422 Weffeling.
1315 4341 1383 4401 Pto-

392 4420 442 4476 bus
454 4420 557 4497 aliquid
572 4420 746 4496 conjuniium
764 4417 862 4477 habere
907 4420 992 4482 babil.
1005 4439 1064 4497 cap.
1082 4440 1126 4498 17.

390 4497 507 4557 videtur.
547 4498 687 4556 Servatum
703 4496 772 4555 illud
789 4497 862 4555 esta
948 4497 1287 4578 tneseneaeap.15.

1267 4615 1384 4686 ravair·
