3575 5509
548 729 738 816 NOVAE
775 727 1164 818 EDITIONIS.
1204 759 1361 834 xxxvia
1408 670 1411 675 Ι

377 982 523 1069 parare,
552 982 641 1065 quae
663 950 811 1040 omnia,
841 976 932 1059 qua
949 953 1125 1061 unquam
1154 953 1196 1033 in
1220 957 1362 1037 Maroa·

358 1152 362 1159 -
376 1123 471 1175 nem
486 1087 751 1173 animadversa
765 1085 836 1168 s1nt
845 1107 914 1167 aut
928 1086 1181 1169 animadverti
1200 1091 1356 1198 poffint,

378 1226 689 1340 complectatun
719 1225 782 1309 sed
798 1250 887 1336 ‘quae
902 1254 988 1335 pro
1014 1226 1138 1309 fundo
1163 1228 1267 1322 effet,
1293 1234 1358 1312 cui

375 1368 439 1448 alii
469 1366 778 1476 superstruerent,
817 1363 1014 1456 adderent,
1044 1362 1255 1458 demerent,
1284 1394 1357 1475 pro

377 1506 542 1587 confilio
574 1527 638 1590 aut
675 1505 819 1587 ratione
857 1523 922 1589 aut
959 1505 1162 1618 copiarum
1199 1503 1356 1592 suarum

380 1667 578 1758 apparatu.

430 1791 538 1870 Cum
559 1789 645 1898 jam
672 1806 866 1897 pararetur
891 1816 915 1868 a
948 1787 1103 1870 librario
1128 1814 1228 1869 nova
1267 1784 1355 1869 haec

374 1927 508 2023 editio,
529 1929 568 2009 in
587 1929 716 2009 lucem
734 1929 879 2038 prodiit
897 1932 1079 2040 praeclara
1091 1929 1201 2011 Rich.
1215 1931 1352 2008 Franc.

376 2062 482 2143 Phil.
527 2058 709 2141 Brunckii
740 2058 907 2139 recensro
942 2061 1189 2168 Argentorati
1215 2057 1355 2139 excusa

377 2196 499 2278 nitide
511 2215 550 2276 et
561 2194 776 2275 emendate.
833 2193 1169 2277 Animadverterat
1186 2197 1246 2276 vir
1259 2195 1353 2274 doe·¹

377 2330 537 2412 tiffimus
562 2332 748 2440 idemque
775 2329 1010 2410 acutiffimus
1037 2331 1209 2425 criticus,
1238 2359 1353 2440 mag-

373 2495 464 2550 nam
483 2468 555 2551 effe
567 2469 765 2578 scripturae
785 2469 1079 2550 inconstantiam
1097 2472 1137 2551 in
1158 2471 1352 2552 Burmana

355 2608 417 2719 ⁵ni
431 2609 660 2704 recensione,
689 2638 711 2690 a
729 2639 806 2720 qua
825 2638 896 2690 nec
914 2609 993 2719 ipse
1021 2612 1062 2691 in
1081 2612 1208 2722 priore
1234 2608 1352 2690 editi·

376 2771 451 2823 one
475 2742 646 2825 recedere
682 2749 879 2827 volueram
891 2784 905 2838 ς
939 2743 1083 2827 scilicet
1110 2746 1218 2857 quod
1245 2765 1349 2839 tum,

373 2908 465 2960 cum
483 2879 616 2988 primo
631 2881 677 2962 ad
694 2883 909 2992 Virgilium
919 2880 1155 2978 accederem,
1171 2881 1352 2962 nondum'

372 3045 645 3127 cognoveram,
673 3050 753 3101 non
772 3018 961 3100 redditam
978 3017 1051 3097 effe
1069 3023 1204 3098 exacte
1224 3019 1352 3096 Hein-
1377 3040 1381 3048 ·

373 3153 529 3234 fianam.
544 3156 752 3236 lectionem
780 3185 803 3235 a
831 3157 1055 3236 Burmanno
1066 3162 1079 3245 ς’
1119 3179 1190 3230 nec
1222 3170 1351 3230 tamen

372 3295 486 3404 culpa
502 3295 574 3375 viri
595 3296 701 3376 docti
719 3297 807 3388 alia,
838 3322 960 3403 quam
987 3291 1094 3404 quod
1122 3290 1352 3401 exemplum

375 3460 454 3512 non
469 3430 558 3512 satis
573 3433 825 3512 emendatum
840 3433 966 3540 operis
979 3432 1144 3512 librariis
1157 3433 1355 3511 excuden·

378 3566 474 3649 dum
491 3570 708 3652 tradiderat.
766 3573 961 3681 Expertus
981 3570 1059 3681 ipse
1077 3570 1210 3661 didici,
1230 3600 1353 3681 quarn

375 3732 513 3813 parum
549 3727 633 3788 tuta
661 3737 719 3789 res
748 3709 807 3804 fit,
845 3709 1048 3789 emendare
1082 3707 1354 3817 apographum

371 3867 490 3949 prave
505 3864 721 3955 exaratum,
741 3865 806 3926 aut
823 3845 1112 3925 emendandum
1140 3846 1355 3956 relinquere

372 3976 437 4069 iis,
468 3979 539 4085 qui
560 3980 733 4060 madidas
752 4011 772 4060 e
791 3982 899 4090 prelo
917 3980 1066 4062 chartas
1085 3983 1273 4092 corrigere
1291 4011 1353 4063 re-

376 4141 523 4221 cepere.
583 4116 843 4198 Redeundum
871 4119 1003 4229 itaque
1034 4118 1274 4200 hauddubie
1300 4121 1356 4203 est

375 4246 423 4326 ad
460 4250 688 4335 Heinfianas
720 4256 922 4337 editiones,
995 4259 1209 4338 Enimvero
1235 4263 1356 4339 etiam

375 4380 438 4466 hae
457 4385 559 4467 inter
578 4386 611 4468 se
631 4392 742 4473 valde
772 4393 1001 4504 discrepant,
1029 4423 1122 4475 cum
1147 4397 1187 4475 in
1206 4394 1360 4505 scripti-

375 4548 449 4607 one
466 4523 531 4611 seu
549 4528 840 4646 orthographia,
872 4556 958 4619 tum
976 4536 1149 4618 maxime
1178 4535 1218 4610 in
1237 4534 1358 4610 inter-

653 4663 656 4669 “
1126 4666 1356 4779 punctione.

1375 4744 1489 4832 Ι·
