3575 5509
411 665 456 741 2⁶
576 662 617 738 u.
644 663 915 739 vinorum
947 617 1223 748 Minurus

408 859 492 920 bitis:
512 857 550 918 cf.
565 854 600 917 ad
613 878 640 918 v.
657 864 704 918 28.
742 855 848 916 Interea
864 858 932 916 alter
943 859 978 918 de
990 861 1068 919 malis
1081 883 1112 920 ac
1127 867 1255 928 molestiis
1268 871 1396 953 migrati.

404 964 466 1023 onis
476 963 527 1021 suae
539 962 724 1041 conqueritur,
747 963 911 1039 tandemque
929 978 1020 1041 aperte
1031 965 1067 1024 de
1079 983 1267 1031 veteranorum
1288 974 1394 1038 immis-

404 1069 476 1127 fione
489 1066 518 1123 in
531 1084 611 1144 agros
623 1064 746 1142 loquitur
757 1079 847 1143 v.·7o.
880 1064 1000 1123 Subsistit
1014 1066 1141 1145 dialogus
1157 1070 1187 1128 in
1205 1092 1251 1143 eo,
1265 1092 1295 1134 ut
1309 1079 1393 1157 Tiry.
1486 1048 1488 1057 Ι

404 1193 450 1232 rus
461 1170 586 1230 miserum
595 1169 703 1227 exulem
712 1167 742 1225 in
752 1168 801 1226 suo
810 1167 922 1247 tugurio
934 1172 1089 1247 pemoilare
1102 1173 1208 1247 jubeat.
1237 1178 1332 1257 Atque
1339 1183 1394 1244 hoc

402 1274 515 1355 quidem
534 1291 627 1330 verum
640 1291 672 1329 ac
684 1270 826 1348 proprium
838 1266 968 1329 carminis
982 1288 1192 1368 argumentum
1209 1282 1296 1357 quod,
1306 1304 1392 1368 quan.

403 1394 463 1438 tum
476 1398 491 1434 a
503 1390 597 1435 natura
609 1372 736 1434 carminis
745 1373 877 1451 pastoritii
890 1373 998 1453 proprie
1007 1375 1079 1454 dieta
1086 1378 1166 1448 abiit,
1177 1371 1258 1441 facile
1268 1404 1391 1465 apparet,

401 1495 431 1539 et
449 1480 526 1557 quale
541 1496 646 1536 novum
665 1495 750 1558 genus
769 1467 925 1545 constituit,
944 1474 973 1534 in
986 1476 1171 1555 disputatione
1193 1484 1230 1543 de
1251 1486 1390 1551 Bucolicis

330 1615 336 1630 ν
403 1578 569 1660 virgilianis
586 1576 737 1656 expofitum
759 1576 807 1634 etl.
847 1576 901 1634 Sed
922 1578 1074 1637 communis
1092 1581 1217 1660 omnium
1237 1601 1390 1669 tempomm

402 1685 511 1764 opinio,
524 1699 643 1743 veterum
656 1681 975 1748 Grammaticorumfide
992 1686 1106 1754 firmata,
1124 1688 1257 1760 obtiuuit,
1276 1694 1391 1778 Eelogae

401 1790 480 1868 hujus
492 1788 624 1847 rationem
635 1786 670 1844 ad
683 1786 731 1844 illa
743 1797 864 1864 tempora
876 1800 904 1845 et
916 1784 1033 1866 Virgilii
1046 1785 1185 1849 fortunam
1196 1800 1389 1859 accommoda.

401 1909 458 1954 tam
469 1892 532 1961 esse,
551 1904 582 1949 ut
593 1910 626 1950 eo
639 1909 709 1948 auno
724 1887 775 1964 (U.
785 1888 823 1949 C.
838 1910 871 1969 7¹
878 1893 907 1965 3)
919 1886 1026 1968 ¹scripta
1040 1892 1082 1959 fit,
1100 1912 1156 1968 quo
1167 1894 1195 1951 T
1195 1871 1388 1962 rinmvirorum

401 1996 524 2075 pastione
538 1995 645 2053 decreta
657 1992 704 2052 illa
715 2012 843 2071 agrorum
857 1992 929 2050 inter
939 2008 1078 2052 veteranos
1086 1995 1184 2069 divifio
1194 1996 1227 2055 ab
1234 1997 1389 2062 Oilaviano

401 2100 473 2159 iaiia
484 2100 538 2167 est3
558 2099 592 2157 de
612 2118 665 2176 qua
682 2118 709 2155 v.
726 2094 847 2175 Appiam.
867 2095 957 2157 civil.
976 2096 1025 2155 lib.
1040 2096 1084 2153 1v
1097 2098 1141 2157 ed.
1156 2100 1243 2159 Anni.
1260 2104 1343 2181 1670,
1356 2126 1386 2183 p.

401 2228 420 2285 9
425 2226 472 2284 54,
492 2202 550 2259 Dio
564 2200 689 2269 XLVII,
707 2221 751 2278 14·
793 2202 866 2257 Ante
879 2199 965 2268 enim,
978 2220 1059 2277 quam
1071 2202 1209 2263 Antonius
1220 2218 1248 2263 et
1259 2205 1390 2267 Oilavia·

401 2324 450 2363 nus
467 2300 591 2361 adversus
612 2301 729 2358 Calsrum
748 2314 775 2357 et
794 2301 908 2357 Brutum
920 2300 1163 2377 proficiscerentur,
1178 2304 1233 2363 ino
1245 2306 1280 2363 ad
1294 2306 1388 2368 Muti·

400 2430 463 2468 nam
475 2408 588 2475 foedere,
596 2426 655 2484 quae
663 2408 700 2469 est
709 2405 819 2463 infamis
829 2406 875 2463 illa
886 2397 1108 2467 Triuinviromm
1121 2408 1210 2487 pailio
1220 2409 1259 2468 U.
1271 2412 1308 2470 C.
1317 2434 1351 2491 7¹
1360 2434 1387 2483 r,

339 2551 341 2556 .
399 2513 602 2581 sstexercitum,
622 2533 656 2570 ex
677 2510 807 2568 veteranis
828 2512 882 2570 fere
903 2512 1099 2591 conscriptum,
1120 2514 1149 2572 in
1162 2515 1388 2586 fide'retinerent,

399 2617 530 2677 militibus
543 2631 638 2694 praeter
647 2614 699 2672 alia
709 2614 816 2692 praemia
830 2614 949 2671 colonias
960 2615 1067 2673 urbium
1075 2616 1242 2684 Italicarum,
1250 2634 1277 2676 et
1288 2618 1388 2697 opibus

353 2787 357 2796 Δ
397 2738 425 2780 et
437 2722 493 2780 solo
504 2737 531 2778 et
545 2718 666 2778 aedificiis
680 2719 752 2777 inter
769 2733 874 2776 caeteras
888 2719 1046 2797 insignium,
1056 2720 1218 2789 otlodecim,
1231 2743 1292 2799 quae
1304 2724 1385 2783 Caffii

397 2840 485 2905 partes
497 2823 626 2902 amplexae
638 2837 725 2890 erant,
745 2823 815 2880 inter
829 2844 894 2901 quas
905 2824 1016 2902 Capua,
1029 2824 1180 2904 Rhegium,
1193 2826 1322 2899 Venufia,
1333 2829 1384 2890 Be.

398 2944 553 2997 neventum,
575 2926 707 2996 Nuceria,
728 2923 899 2996 Ariminum,
913 2927 1025 2985 Vibona
1044 2917 1221 2987 etCremona
1233 2949 1385 3015 memoran-

398 3050 454 3105 tur,
474 3033 671 3116 promiserunt3
694 3033 721 3093 h.
735 3053 760 3091 e.
777 3017 934 3111 receperunt
953 3033 983 3089 in
1004 3028 1040 3101 se,
1059 3031 1085 3089 se
1102 3016 1159 3101 eos,
1178 3032 1254 3090 bello
1266 3034 1385 3095 feliciter

397 3142 535 3208 conseil0,
548 3141 577 3199 in
588 3139 648 3197 illas
657 3139 745 3208 urbes,
760 3152 895 3216 tamquam
909 3137 1040 3207 colonias,
1053 3138 1225 3207 dedunuros,
1237 3154 1383 3209 eteorum,

313 3249 316 3258 ’
397 3244 529 3321 quinunc
543 3243 702 3308 incolerent,
715 3243 841 3324 aglnsiis
854 3244 1025 3322 affignatums
1039 3244 1099 3304 effe.
1140 3242 1383 3321 Qamremcum‚

398 3346 489 3405 Caffio
497 3360 523 3402 et
534 3345 618 3401 Bruto
628 3343 749 3410 eaeso,·in
761 3345 868 3402 Italiam
882 3345 966 3408 redux
978 3342 1143 3402 Oilavianus
1155 3343 1283 3420 perficere
1291 3346 1383 3434 vellet,

396 3448 494 3527 partim
506 3468 540 3504 ex
554 3447 673 3504 militum
685 3448 828 3506 insolentia
841 3464 868 3506 et
881 3448 1006 3517 avaritia,
1026 3447 1125 3526 partim
1138 3466 1174 3504 ex
1185 3448 1333 3524 ejeilorum
1349 3449 1384 3523 de

396 3550 450 3609 suis
467 3550 547 3608 bonis
569 3549 760 3629 indignatione
777 3551 871 3629 magni
884 3566 972 3610 motus
984 3571 1016 3608 ae
1029 3550 1160 3609 tumultus
1171 3548 1227 3607 orti
1241 3549 1312 3609 sunt.
1325 3548 1382 3612 vid.

397 3654 517 3733 Appian.
538 3654 626 3722 Civil.
641 3656 679 3718 V.
701 3678 729 3735 p.
746 3663 814 3717 1081
832 3657 889 3735 sqq.
932 3656 990 3714 Dio
1010 3656 1111 3713 Caffius
1131 3653 1273 3723 XLVIII,
1287 3675 1382 3736 5-93

372 3820 374 3825 Α
396 3761 466 3821 adde
486 3761 598 3820 Sueton.
614 3762 689 3840 Aug.
704 3762 790 3825 ΧΙΙΙ.
831 3762 898 3821 Erat
920 3735 1010 3821 abtem
1029 3781 1137 3845 eorum,
1156 3760 1255 3838 quibus
1273 3761 1384 3841 pramis

314 3907 317 3914 ι
395 3863 524 3923 solvenda
541 3865 633 3933 effent,
651 3865 745 3943 ingens
762 3886 898 3936 numerus,
917 3866 1038 3944 legiones
1055 3864 1197 3932 nimirum,
1215 3864 1235 3922 sr
1255 3864 1384 3945 Appiano

394 3966 460 4025 fides
470 3966 593 4026 habenda
607 3969 626 4031 l.
640 3970 660 4026 l.
670 3990 698 4047 p.
715 3991 799 4050 ¹075·
818 3972 903 4051 1076,
916 3990 970 4027 non
985 3970 1074 4049 minus
1088 3966 1237 4035 XXVIII,
1249 3987 1319 4045 quae
1330 3985 1385 4042 upa

394 4090 457 4129 eum
476 4070 658 4130 annumeratis
672 4072 701 4128 iu
716 4072 836 4149 legiones
850 4073 930 4149 (μετὰ
947 4071 1216 4143 enumericensium)
1231 4066 1384 4127 efficiebant

394 4169 503 4237 eentum
514 4191 541 4234 et
558 4175 726 4254 septuaginta
739 4178 858 4234 virorum
879 4176 979 4242 millia,
996 4190 1091 4254 prater
1108 4173 1212 4251 equites
1229 4190 1258 4233 et
1274 4174 1383 4249 turbam

394 4282 554 4363 militarem
566 4274 729 4359 quamquam
737 4280 946 4359 eorumquibus
960 4280 994 4335 ad
1005 4278 1143 4336 Mutinam
1157 4278 1384 4356 promittebantur
1428 4275 1430 4280 ’

394 4387 465 4465 agri,
486 4406 609 4445 numerus
628 4386 710 4443 etiarn
732 4387 817 4462 major
836 4399 910 4455 erat3
932 4384 1066 4441 habebant
1085 4383 1159 4441 enim
1177 4383 1315 4443 triumviri
1333 4383 1384 4442 sub

394 4491 475 4571 fignis
486 4491 605 4572 legiones
619 4488 731 4560 XLIII,
743 4505 773 4550 ut
787 4490 855 4553 adeo
866 4487 1023 4569 quindecim
1036 4486 1158 4571 legiones
1170 4488 1243 4565 bello
1257 4487 1384 4547 consono

1031 4595 1033 4600 '
1277 4589 1385 4652 nendo
