3575 5509
621 661 1126 767 Emtrtortlnos.
1226 703 1387 772 rxxnvn

403 896 489 972 ²1785,
508 892 580 950 unde
592 890 696 950 discere
708 892 774 951 licet
793 912 865 950 anno
887 892 1035 971 superiore,
1051 883 1136 973 147'5,
1155 892 1284 972 prodiisse
1296 894 1393 954 Buco-¹

400 982 453 1041 lica
464 996 491 1040 et
505 982 656 1061 Georgica,
675 983 729 1040 hoc
752 1001 823 1040 anno
842 979 988 1039 AEneidem
1006 1001 1054 1060 per
1075 983 1208 1059 Joannem
1229 982 1265 1040 de
1287 981 1387 1041 Pader-

402 1069 485 1129 borne
500 1070 529 1127 in
542 1069 681 1133 Westsalia
693 1073 779 1146 menfis
792 1070 888 1147 Aprilis
901 1073 931 1127 de
942 1080 1049 1128 aliave:
1069 1072 1121 1130 soi.
1140 1072 1208 1131 min.
1240 1071 1386 1150 Exemplar

397 1156 540 1235 utriusque
552 1156 705 1214 codicinest
724 1157 756 1212 in
769 1148 856 1232 c'opiis
873 1154 993 1213 librariis
1008 1157 1157 1216 Christiani
1169 1157 1208 1217 V.
1228 1158 1264 1218 C.
1279 1159 1384 1217 Proses-
1409 1169 1413 1181 ’

353 1276 354 1279 ¹
400 1244 470 1302 foris
490 1260 518 1302 et
540 1245 613 1322 Regi
638 1244 771 1301 Daniaea
794 1243 898 1304 Contil.
918 1243 1040 1318 Justitiae.
1081 1247 1231 1305 Audieram
1244 1246 1386 1306 inbiblio·

361 1382 365 1388 .
398 1331 478 1390 theca
499 1332 622 1390 Comitis
643 1334 678 1390 de
698 1331 727 1387 T
726 1345 767 1390 ott
790 1331 910 1389 Hauniae
922 1335 1035 1392 eandem
1047 1334 1196 1394 editionem
1209 1333 1330 1402 servari;
1348 1353 1384 1393 ex

397 1422 496 1478 eodem
504 1434 601 1477 tamen
625 1420 824 1497 Programmate
844 1421 933 1479 didici
956 1423 1028 1481 hand
1052 1444 1114 1482 vera
1132 1423 1202 1482 mihi
1225 1422 1385 1482 fuissentin-

397 1507 477 1567 tiata.
517 1500 654 1566 Caeterum
680 1508 832 1587 Georgicis
856 1510 973 1587 subjeiia
995 1512 1075 1571 sunt:
1097 1515 1177 1590 Cape.
1217 1514 1261 1597 Est
1280 1528 1305 1568 ei
1326 1512 1385 1570 Non

397 1600 440 1673 est.
481 1598 523 1655 De
533 1602 676 1674 institutione
690 1598 748 1657 boni
758 1609 822 1657 viri.
862 1601 905 1657 De
925 1602 982 1677 rests
998 1602 1161 1681 nascentibus.
1199 1601 1336 1665 Mororum.
1355 1613 1385 1658 et

399 1684 432 1753 in
444 1704 506 1763 pag.
520 1700 587 1743 extr.
602 1685 735 1744 variantes
755 1686 883 1744 leliiones
897 1689 1045 1756 nonnuliae,
1064 1688 1211 1767 dequibus
1230 1687 1323 1747 editor
1333 1687 1385 1745 ad-

399 1773 453 1832 hue
473 1774 527 1852 ipse
547 1775 714 1854 ambigebat.
750 1774 859 1832 ,Similis
873 1776 973 1851 pagina
985 1776 1096 1838 AEneidi
1109 1769 1226 1853 adjeita.
1265 1775 1300 1834 In
1319 1776 1383 1835 sub·

397 1861 542 1940 scriptione
556 1865 591 1921 ad
604 1866 708 1922 calcem
723 1861 849 1921 AEneidis
861 1864 1048 1940 typographos
1060 1878 1151 1921 narrat
1163 1864 1190 1923 se
1208 1864 1280 1932 inter
1292 1861 1384 1932 versuo

396 1948 512 2027 spatium
526 1950 660 2027 reliquisse
673 1949 796 2027 glossulis
818 1947 1050 2008 inserendis-non
1065 1965 1158 2026 parva
1179 1953 1243 2008 data
1263 1968 1336 2027 opera
1353 1966 1384 2009 ut

396 2061 451 2097 enm
470 2045 603 2116 (poetam)
626 2041 684 2097 aliis
705 2040 894 2095 emendatiorem
918 2054 942 2094 et
961 2038 1047 2096 melius
1062 2049 1161 2114 puerilis
1175 2043 1312 2116 dfiinlium
1326 2042 1383 2099 rel-

401 2128 493 2185 dorem.

438 2217 473 2284 P,
490 2214 522 2273 V.
536 2214 579 2282 M.
594 2215 759 2287 AEneiscum
773 2226 927 2279 commento
947 2211 1064 2271 Italico:
1086 2213 1139 2272 five
1156 2217 1308 2293 Espoſszi'one
1322 2216 1387 2275 dell'

400 2302 495 2360 Eneia‘e
514 2306 542 2360 dr·
555 2302 660 2381 Virgilii
669 2303 697 2359 in
708 2301 844 2359 'Vicencia
851 2318 901 2378 per
909 2343 911 2346 v
919 2303 1063 2367 Hermanno
1076 2299 1228 2379 levilap'ide
1241 2302 1384 2372 1116111611-

397 2389 474 2477 stein)
487 2394 518 2448 de
531 2390 636 2449 Colonia
643 2394 745 2471 grande
755 2410 785 2466 4.
801 2391 883 2473 1476.
922 2410 949 2449 v.
964 2390 1056 2469 Mich.
1070 2388 1157 2448 Denis
1174 2388 1268 2469 Suppl.
1283 2390 1382 2453 Maitt.

397 2499 427 2565 P·
442 2497 490 2562 7⁰·

850 2588 934 2665 1478.

437 2699 472 2757 Ρ.
487 2700 521 2757 V.
534 2700 576 2757 M.
590 2702 676 2778 Opera
693 2725 745 2760 cum
765 2702 862 2783 epfiola
876 2701 947 2759 Phil.
962 2704 1082 2762 Bemaldi
1099 2727 1200 2763 necnon
1211 2713 1271 2762 vita
1284 2705 1379 2781 pelte.

401 2782 517 2856 Paridis,
533 2789 665 2848 Udalricus
679 2790 777 2869 Gering
1175 2792 1196 2850 f.
1212 2792 1278 2850 min.
1294 2796 1378 2869 1478.

436 2875 623 2955 Diligentffrne
635 2880 757 2957 cafligmra
775 2880 820 2955 effe
839 2875 870 2933 in
889 2875 1084 2955 subscriptione
1105 2878 1219 2937 dicitur.
1252 2880 1296 2938 De
1308 2880 1381 2937 Bure

399 2984 427 3029 n.
443 2968 518 3040 2669
531 2978 559 3020 et
578 2979 641 3022 ante
658 2984 720 3022 eum
740 2979 838 3042 praetet
857 2964 1008 3021 Orlandum
1029 2965 1173 3032 Maittaire
1190 2966 1259 3023 hanc
1278 2965 1380 3023 editio·

396 3070 460 3113 nem
482 3061 678 3116 memoraverat
700 3053 738 3112 T.
762 3054 788 3121 Ι,
806 3073 835 3129 p.
856 3056 922 3130 387.
961 3052 1084 3130 Operam
1107 3053 1136 3109 in
1158 3053 1326 3110 emendando
1339 3054 1381 3110 lo-

395 3153 503 3195 caverat
516 3139 623 3197 Paullus
635 3140 769 3199 Malleolus
790 3142 863 3215 Prof.
878 3140 965 3217 Eloqu.
979 3142 1077 3215 Parffi,
1096 3138 1142 3195 sed
1164 3139 1201 3195 ob
1224 3139 1381 3199 charasterie

395 3225 599 3284 deformitatem
618 3241 645 3284 et
667 3228 823 3285 immensam
843 3242 992 3284 erratorum
1013 3228 1122 3303 copiam
1143 3226 1198 3302 ipse
1212 3246 1271 3284 eam
1285 3246 1379 3303 repro·

396 3312 515 3374 baverat.
555 3313 651 3391 Itaque
664 3336 729 3373 mox
742 3336 767 3375 a.
787 3319 859 3397 1498
872 3333 943 3388 nova
955 3314 1043 3371 editio
1057 3313 1161 3373 Parisiis
1173 3313 1227 3373 fuit
1236 3314 1378 3385 edomata,

399 3401 433 3457 de
446 3422 498 3478 qua
512 3423 538 3458 v.
553 3401 604 3461 inf.
618 3404 646 3461 h.
661 3424 686 3462 a.

439 3490 472 3546 P.
485 3492 516 3547 V.
530 3490 573 3555 M.
583 3491 678 3567 Opera.
719 3489 765 3547 Ad
778 3492 878 3551 calcem
892 3512 900 3551 t
922 3493 976 3551 Hoc
989 3494 1022 3550 P.
1037 3494 1069 3550 V.
1080 3492 1122 3559 M
1137 3491 1206 3566 Opas
1219 3494 1273 3553 Dei
1282 3493 1378 3554 auxilio

398 3590 424 3650 el
438 3576 633 3635 Alamannorum
644 3580 765 3654 industria
783 3580 959 3658 impreffumss
969 3580 1083 3655 filierier
1101 3577 1253 3637 Mediolani
1266 3584 1378 3656 impreſse

398 3666 565 3744 magssrorum
576 3668 701 3723 Leonardi
718 3666 817 3722 Pachel
831 3669 861 3724 de
881 3665 1028 3742 Engelstadt
1049 3682 1073 3722 et
1096 3665 1179 3722 Ulrici
1199 3669 1378 3726 Stierzenzeler

398 3776 465 3810 anno
476 3752 776 3810 MCCCCLXXVIII.
790 3763 861 3810 tertio
872 3753 935 3811 Idus
947 3751 1021 3808 Maii
1142 3794 1144 3798 -
1254 3754 1276 3812 f.
1293 3761 1378 3832 1478.

437 3838 474 3898 V.
499 3839 574 3898 Saxii
595 3839 668 3897 Hist.
683 3838 809 3915 Typogr.
830 3838 899 3896 Litt.
917 3839 1070 3910 Mediolan,
1091 3862 1119 3917 p.
1144 3844 1212 3919 569,
1235 3857 1263 3901 et
1286 3862 1320 3901 ex
1343 3863 1377 3903 eo
1492 3913 1496 3920 ⁸

395 3927 484 4003 Denis
497 3926 634 4006 Suppiem.
648 3927 743 3994 Maitt.
757 3947 784 4004 p·
801 3946 849 4005 99.

856 4063 866 4102 l
931 4085 939 4101 ο
1167 4092 1170 4096 ,

436 4156 471 4212 Ρ.
489 4156 521 4211 V.
532 4155 574 4211 M.
588 4158 694 4231 impensa
704 4169 727 4210 et
739 4167 812 4229 opera
823 4062 937 4219 Andriie
950 4152 1073 4213 Pariiliae.
1094 4152 1197 4211 Parmae
1253 4153 1275 4209 f.
1294 4170 1377 4230 1479.

437 4240 575 4298 Orlandus
595 4261 622 4319 p.
648 4258 712 4320 147.
736 4238 831 4297 Maitt.
854 4237 892 4296 T.
912 4238 938 4307 I,
957 4260 988 4318 p.
1003 4247 1068 4319 398.
1109 4242 1192 4299 Extat
1205 4238 1235 4294 in
1247 4237 1379 4306 biblioth,

397 4327 578 4482 spiiichxiM.
593 4439 645 4474 cum
658 4416 746 4474 Servii
757 4426 944 4474 commentariis.
984 4413 1040 4472 Sub
1060 4415 1140 4473 finem
1151 4413 1257 4492 praefat.
1271 4414 1378 4473 Servii:

392 4516 419 4581 §i
440 4506 495 4586 Hoc
518 4520 575 4584 opus
598 4501 745 4590 exailifflrne
764 4526 826 4562 cura
848 4519 872 4562 et
889 4505 1023 4583 eruditione
1036 4502 1147 4580 Jaannis
1160 4500 1385 4663 wamel}
