3575 5509
457 701 527 753 cn
597 633 598 637 ‘
776 671 1178 749 nulrnunrn

887 906 1023 989 XVII.

457 1037 635 1144 Eorundem
659 1068 813 1142 duodecim
820 1070 1072 1163 scholasticorum
1088 1070 1271 1164 Epitaphia
1289 1068 1332 1144 P.
1358 1071 1437 1146 Vir.

570 1199 649 1295 gilii·
661 1195 820 1283 Maronis,
833 1212 899 1290 per
911 1197 1105 1299 tetrasticha.
1129 1197 1181 1271 ib:
1193 1215 1244 1292 ep.
1264 1218 1345 1293 197.

784 1396 1040 1471 VITALIS
1075 1398 1106 1470 Ι.

457 1567 580 1648 Prima
595 1563 687 1641 mihi
701 1563 808 1637 Musa
825 1565 874 1637 est
889 1562 952 1637 sub
968 1564 1042 1664 fagi
1057 1566 1203 1662 Tityrus
1219 1569 1360 1646 umbra.
1447 1586 1450 1593 “

505 1686 568 1769 'Ad
585 1717 665 1767 mea
680 1715 789 1764 navus
806 1690 959 1763 humum
970 1688 1061 1788 juffa
1075 1693 1222 1766 colonus
1237 1679 1324 1773 arat.
1437 1701 1440 1704 ’

457 1812 655 1919 Ptaeliaque
673 1837 837 1917 expertos
853 1818 968 1890 cecini
986 1816 1140 1917 Trojana
1157 1818 1322 1905 Latinos;

356 2042 360 2048 Ι
506 1947 657 2048 fertque
675 1971 771 2021 meos
788 1948 922 2028 cineres
939 1933 1073 2041 inclyta
1089 1945 1321 2047 Parthenope.

672 2192 675 2201 ·
760 2155 1055 2232 BASILIUS
1091 2157 1142 2228 11.

457 2309 547 2384 Hoc
558 2310 657 2409 jacet
672 2310 708 2381 in
723 2302 975 2383 tumulo'vates
990 2308 1150 2381 imitator
1166 2306 1319 2380 Homeri
1328 2339 1357 2396 3v

507 2432 583 2529 Qi
599 2433 695 2504 canit
711 2431 870 2510 Ausonio
885 2433 1043 2505 carmine
1058 2434 1194 2531 primus
1208 2455 1302 2518 oves,

423 2552 428 2572 '
460 2556 522 2632 Ad
538 2558 652 2630 cultos
669 2559 753 2631 hinc
769 2559 889 2632 tranfit
902 2586 1027 2659 agr0s;
1053 2560 1224 2633 AEneidos
1239 2574 1359 2632 autem

412 2769 417 2777 .
508 2679 594 2753 Non
610 2679 837 2754 emendatum
851 2702 965 2756 morte
980 2684 1124 2783 reliquit
1138 2708 1240 2783 opus.
1323 2772 1326 2777 ι
1474 2680 1509 2728 V

753 2847 1152 2949 nsunnusnu
1293 2940 1296 2943 ,

462 3034 636 3112 Bucolica
650 3037 809 3112 Ausonio
824 3041 960 3137 primus
976 3042 1038 3137 qui
1055 3043 1213 3114 carmine
1229 3042 1312 3132 feci,

493 3161 606 3247 >Mox
624 3155 809 3258 praecepta
824 3164 907 3237 dedi
923 3163 1078 3240 versibus
1093 3164 1274 3261 agricolae.
1340 3203 1342 3207 ¹

464 3264 568 3358 Idem
585 3309 670 3359 cum
686 3287 886 3386 Phrygibus
903 3291 1118 3365 Rutulorum
1133 3293 1227 3364 bella
1242 3294 1377 3393 peregi,

424 3397 425 3401 ¹
514 3405 626 3482 Hunc
643 3410 735 3481 mihi
751 3411 917 3487 defuncto
934 3412 1004 3486 fata
1020 3414 1146 3493 dedere
1160 3416 1296 3496 locum.

754 3612 1065 3692 VOMANUS
1097 3620 1163 3695 IV.
1284 3661 1292 3666 ·

466 3777 602 3874 Tityre,
625 3802 662 3858 te
680 3784 785 3860 Latio
801 3790 933 3863 cecinit
951 3815 1029 3863 mea
1044 3791 1158 3864 fistula
1173 3790 1293 3864 versu:
1412 3855 1414 3859 ,

399 3883 405 3893 ’
515 3902 776 4009 Praeceptisque
792 3911 880 3982 meis
898 3912 1045 3984 rusticus
1062 3936 1143 3983 arva
1159 3910 1257 4000 colit.

467 4026 535 4115 Ac,
560 4051 603 4099 ne
623 4030 726 4103 Musa
742 4056 861 4105 carens
874 4035 970 4106 vitiis
987 4034 1148 4106 AEneidis
1165 4033 1259 4121 efl‘ct,

515 4148 853 4230 Perfidamece'lcri
868 4158 940 4231 sata
957 4160 1066 4232 tulere
1081 4182 1180 4246 nece,

575 4483 639 4556 *a
1063 4461 1457 4559 nunnonssus
