3575 5509
458 669 574 724 CLXIV

665 629 804 718 ulo.
832 640 921 717 CL.
947 634 1205 717 DONATI

459 851 497 911 ob
517 849 676 910 industriam
705 868 847 927 generum,
873 846 1060 916 tradiderunt3
1092 865 1174 925 quem
1208 864 1273 906 cum
1303 829 1445 929 agricola·¹

458 939 541 1008 tioni,
573 939 666 1018 reique
700 938 801 1003 ruticae
833 950 861 994 et
891 932 1031 1013 gregibus,
1062 935 1219 1015 praesecitset
1249 934 1340 998 socer:
1371 938 1447 1015 silvia

392 1059 439 1108 Α
458 1029 619 1089 εοὲωιιιιάὶε
641 1043 669 1086 et
688 1027 784 1104 apibus
803 1024 930 1083 curandis
956 1024 1073 1098 reculam
1094 1024 1199 1103 auxit,
1224 1023 1315 1086 Natus
1334 1030 1372 1087 est
1386 1030 1446 1093 Cn.
1531 1028 1534 1034 ’

459 1119 590 1196 Pompeio
612 1118 730 1195 Magno,
762 1113 808 1172 M.
834 1113 946 1171 Licinio
972 1111 1066 1171 Crasso
1090 1114 1207 1191 primurn
1235 1116 1321 1185 Coss„
1341 1119 1446 1179 Iduum

457 1207 620 1267 Odobrium
643 1206 701 1271 die,
721 1204 857 1288 inlpago,
878 1203 927 1279 qui
947 1202 1041 1260 Andes
1061 1203 1175 1270 dicitur,
1195 1206 1244 1285 qui
1263 1210 1300 1266 est
1322 1228 1339 1266 a
1359 1210 1445 1269 Man..

421 1322 438 1380 3
459 1314 506 1358 tua
531 1319 587 1357 non
612 1297 719 1375 procul.
769 1294 913 1370 Praegnans
937 1312 970 1350 eo
992 1306 1078 1351 mater
1105 1293 1250 1356 somniavit
1272 1300 1363 1370 Maia,
1384 1303 1444 1361 eni.

456 1409 520 1447 xam
545 1389 572 1446 se
597 1390 718 1445 laureum
741 1403 858 1450 ramum,
877 1401 957 1458 quern
984 1383 1108 1439 contacta
1130 1397 1201 1442 terra
1221 1388 1363 1447 confestim
1385 1410 1445 1450 cer-

369 1474 375 1479 ’
455 1477 528 1537 uerit
553 1476 690 1542 coaluisse,
709 1488 737 1530 et
756 1472 899 1539 excrevisse
925 1470 1002 1527 illico
1027 1470 1056 1528 in
1080 1472 1196 1548 speciem
1223 1492 1336 1537 maturae
1362 1481 1446 1540 arbo.

452 1568 504 1637 tis,
525 1568 630 1625 resertae
652 1564 736 1623 variis
758 1561 846 1640 pomis
869 1575 897 1618 et
921 1558 1053 1628 floribus;
1079 1581 1110 1618 ac
1136 1563 1257 1642 sequenti
1277 1568 1351 1635 luce,
1378 1588 1443 1629 cum

457 1656 556 1719 marito
584 1655 629 1714 ru's
664 1651 847 1733 propinquum
880 1662 982 1728 petens,
1015 1669 1050 1707 ex
1085 1652 1183 1711 itinere
1207 1654 1335 1723 divertit,
1349 1654 1351 1657 ’
1364 1672 1445 1739 atque

455 1870 540 1920 mirari
563 1867 643 1926 subiit,
665 1881 769 1931 quorum
791 1880 879 1913 nornen
897 1862 925 1910 ad

455 1936 560 1984 multam
577 1933 742 1999 posteritatem
765 1941 926 1995 propagatum

390 2029 395 2050 t
456 2000 555 2064 quidem
570 2000 616 2057 est,
628 2000 662 2047 ita
673 2010 700 2045 ut
713 1998 801 2061 dignus
809 2008 877 2043 tanto
887 1995 933 2041 in··

456 2066 529 2129 genio
544 2077 585 2114 aut
601 2076 669 2113 tanta
682 2064 772 2111 virtute
781 2060 926 2109 immortali·

456 2131 513 2179 tatis
529 2130 621 2179 studius
641 2129 669 2177 iis
686 2129 793 2185 tandem,
810 2126 851 2189 qui
874 2142 925 2173 me-

455 2194 498 2244 riti
517 2195 600 2253 essent,
623 2194 762 2256 contingere
784 2193 924 2247 videretur3

456 2259 486 2309 iit
504 2272 586 2309 tamen
604 2258 760 2323 temporibus,
776 2273 832 2305 curn
850 2271 926 2320 genus

456 2326 590 2374 humanum
614 2323 727 2388 gravibus
753 2319 925 2385 superstitioni·

455 2389 500 2439 bus
508 2401 605 2454 captum
619 2399 678 2445 erat,
693 2398 789 2435 tantum
800 2387 861 2449 saepe
875 2384 925 2431 sor·

455 2456 524 2504 dium
544 2454 604 2505 illud
630 2470 658 2501 ex
683 2452 825 2515 contagione
845 2448 926 2497 saeculi

339 2533 341 2538 ·
422 2547 425 2552 ,
454 2520 582 2576 contraxit,
596 2529 623 2566 ut
643 2519 694 2582 jam
708 2517 749 2564 illa
765 2514 869 2563 nominis
885 2530 923 2561 ce·

454 2585 552 2634 lebritas
567 2585 597 2631 ad
613 2583 694 2646 inepta
709 2598 791 2629 rerum
799 2578 923 2638 miracula,

452 2650 567 2707 monstra,
585 2665 611 2696 ac
630 2658 742 2712 portenta
762 2645 859 2693 rediret.
894 2645 922 2691 In

453 2714 553 2779 Virgilii
569 2713 712 2761 memoriam
720 2711 806 2760 sabulis
817 2709 923 2758 absurdis

453 2779 664 2830 contaminandam
684 2793 767 2825 omnes
789 2774 922 2823 monacho-

452 2835 509 2906 runi
524 2845 601 2893 tribus
627 2841 767 2907 conspirasse
797 2825 920 2896 videntur,

451 2912 502 2975 qui,
518 2926 574 2958 cum
591 2909 728 2957 nieorum
742 2907 840 2956 suorum
857 2906 923 2954 viro-

451 2993 508 3025 rum
527 2975 671 3024 memoriam
691 2984 728 3022 tot
754 2972 872 3037 pudendis
896 2980 921 3018 et

452 3042 529 3091 stultis
547 3039 718 3089 miraculorum
743 3036 922 3086 narrationibus

452 3107 578 3165 soedarent,
592 3104 649 3169 quid
665 3102 792 3160 mirum,{i
806 3103 831 3150 in
842 3104 921 3165 poitae

439 3172 557 3230 ,Romani
585 3169 694 3219 laudibus
715 3169 859 3217 adornandis
877 3181 920 3213 nec

450 3238 531 3285 minus
541 3234 665 3295 miracula,
675 3234 764 3294 omina,
771 3232 882 3299 prodigia
896 3241 921 3277 et

449 3302 568 3365 reliquam
581 3300 652 3362 hujus
665 3298 759 3363 generis
769 3296 920 3366 rrgoeroiuoyioer

449 3366 480 3415 ad
491 3366 590 3413 taedium
599 3364 671 3427 usque
680 3363 853 3425 congesserunt.

482 3434 502 3497 ᾗ,
521 3442 542 3478 1.
566 3448 623 3494 quem
646 3431 830 3489 quidam-muxr't.
864 3429 920 3477 Pos-

403 3529 405 3533 «
449 3496 504 3545 sunt
522 3494 574 3543 haec
590 3493 619 3540 ab
639 3491 810 3554 interpolatore
833 3494 920 3540 inserta

381 3585 383 3593 ·
449 3560 535 3609 videri.
557 3557 670 3621 Figulum
678 3558 919 3621 patremsacitetiam

450 3626 543 3675 Phocus
556 3640 580 3671 v.
596 3622 619 3671 ό.
820 3655 824 3668 .

484 3692 562 3753 Magis
577 3692 689 3755 enjusdam,
699 3691 796 3735 viatoris.
829 3687 917 3765 Magii,

448 3754 491 3819 qui
513 3771 571 3803 avus
587 3754 687 3818 Virgilii
709 3767 830 3802 maternus
850 3754 919 3802 futile

448 3819 561 3877 traditur,
576 3835 666 3867 nomen
687 3834 742 3866 eum
766 3818 858 3867 caeteris
879 3819 918 3867 in-

448 3884 519 3956 eptiis
536 3883 606 3933 tnalae
624 3884 689 3949 haud
709 3884 780 3931 dubie
795 3884 917 3948 scripturae

448 3949 474 3998 itt
486 3950 583 3997 nomine
597 3950 681 3997 matris
699 3952 776 4012 Mage
792 3960 816 3997 et
831 3952 919 4014 Magia

448 4029 494 4079 pro
506 4017 579 4061 Maia
590 4013 698 4063 debetur.
725 4015 861 4063 Secundum
872 4016 918 4064 hoc

449 4093 508 4128 arus
528 4089 650 4133 maternus
672 4079 852 4132 Maiuscdidtus
871 4081 918 4129 esse

448 4143 537 4209 potuit.
570 4143 663 4200 Mater,
678 4159 731 4205 quae
749 4143 829 4192 Probo
846 4146 919 4204 Polla,

448 4209 535 4257 Phocae
547 4210 701 4266 v.11Polln‚
719 4210 798 4270 Magis
814 4228 852 4254 non
870 4212 919 4274 irfi-

364 4287 372 4295 ·
425 4327 433 4338 ,
446 4292 482 4322 ma
487 4276 567 4340 proles,
581 4272 676 4331 dicitur,
691 4272 732 4320 alii
747 4274 800 4320 viro
811 4272 920 4349 aliquan.

436 4339 479 4387 'do
493 4338 575 4402 nupta
600 4338 645 4386 else
662 4336 766 4401 debuit,¹
776 4354 831 4385 cunt
854 4339 917 4389 infra

448 4408 471 4469 §.2
486 4402 519 4463 56
537 4404 631 4450 Valerius
646 4404 747 4449 Proculus
765 4421 789 4449 ex
801 4405 842 4449 alio
852 4403 922 4468 patre

438 4473 517 4533 frater
538 4466 636 4531 Virgilii
663 4478 820 4524 memoretur,
842 4485 915 4531 quem

445 4534 467 4583 is
480 4532 594 4584 heredem
613 4531 742 4598 scripserat.
776 4533 861 4597 Neque
879 4552 916 4599 ea,

564 4645 578 4674 9

975 1879 1028 1937 quae
1051 1862 1086 1939 de·
1097 1865 1197 1929 magieis
1209 1870 1288 1932 poitae
1305 1870 1397 1921 artibus
1410 1888 1443 1923 ex

975 1928 1087 1977 Elinandr
1104 1933 1216 1981 monachi
1233 1935 1392 1997 (mortuusis
1409 1941 1445 1990 est

973 1993 1035 2040 circa
1058 1996 1133 2059 1227)
1150 1997 1263 2047 Chronic.
1287 2001 1330 2051 lib.
1353 2004 1444 2053 XXVI

973 2070 1057 2106 narrat
1069 2060 1182 2110 Vincent.
1211 2065 1331 2118 Bellovac.
1349 2070 1444 2133 Specul.
1483 2070 1485 2073 ’

973 2123 1028 2171 hit.
1040 2123 1084 2173 lib.
1097 2126 1152 2184 Vll,
1169 2145 1189 2175 e.
1202 2129 1244 2188 61,
1258 2143 1283 2179 et
1294 2133 1381 2181 audior
1390 2138 1444 2201 Ap-

972 2189 1257 2323 l‘iisidrvbffi‘
1283 2198 1444 2315 Gil‘iiah

1088 2290 1094 2301 .
1135 2294 1140 2306 .
1178 2293 1184 2305 .
1247 2296 1253 2308 .
1287 2297 1293 2310 .
1418 2281 1445 2315 na

973 2317 1102 2382 originem,
1129 2338 1202 2386 quant
1222 2277 1296 2375 moia
1320 2278 1443 2379 nientora·

974 2392 1025 2456 tam
1051 2386 1157 2435 nominis
1174 2388 1315 2453 scripturam
1335 2392 1444 2444 habuisse

973 2447 1095 2497 videntur.
1128 2454 1445 2521 Accessitsorte,quodmo·

975 2512 1046 2560 nachi
1062 2531 1091 2563 ex
1110 2517 1200 2582 Ecloga
1210 2521 1267 2568 Vsls
1276 2520 1389 2586 inprimis
1399 2524 1444 2574 vss'.

974 2576 1007 2639 96
1017 2577 1074 2653 sqq.
1089 2581 1153 2629 sacra
1169 2584 1262 2649 magica
1272 2588 1445 2640 meminerant.
1478 2575 1482 2590 ¹

976 2643 1078 2706 Coprose
1102 2663 1130 2694 ea
1149 2648 1178 2695 de
1201 2664 1227 2697 re
1249 2650 1299 2714 egit
1320 2652 1446 2713 Naudeus,

976 2709 1076 2772 Apologie
1081 2714 1113 2757 des
1117 2716 1196 2775 grands
1202 2714 1415 2829 bmmerp‘oupqonie'r
1420 2724 1445 2768 da

976 2774 1057 2837 Magia
1068 2775 1105 2822 ch.
1120 2778 1192 2836 XXI,
1201 2789 1225 2827 et
1236 2780 1287 2843 Bay
1296 2780 1333 2831 uls
1347 2786 1445 2833 Dt‘etiou·

974 2842 1043 2896 noire,
1055 2856 1108 2887 voc.
1125 2844 1208 2907 Virgile
1225 2843 1273 2894 litt.
1308 2881 1315 2893 .
1333 2850 1392 2897 ΗΜ
1404 2866 1444 2899 ea·

955 2923 957 2928 ·
976 2904 1032 2956 {ern
1040 2905 1157 2969 opiniode
1165 2924 1206 2956 ma
1223 2908 1445 2977 icaVrrgiliiscien·

976 2967 1010 3015 tia
1021 2970 1118 3019 videtur
1128 2972 1196 3020 effeci
1216 2986 1268 3032 e‚ut
1279 2991 1324 3041 pro
1335 2979 1443 3029 amuleto

975 3031 1121 3083 haberentur
1136 3038 1205 3085 numi
1224 3042 1369 3091 contorniati
1386 3061 1445 3095 cum

976 3096 1026 3160 ejus
1033 3099 1138 3164 imagine
1150 3102 1246 3152 edida:
1260 3105 1290 3153 cf.
1299 3107 1444 3164 Miscotsff.

975 3177 1045 3210 novae
1051 3165 1083 3212 T.
1097 3168 1145 3230 l,p.
1156 3167 1195 3227 16',
1206 3170 1323 3219 Boulaere
1330 3172 1357 3221 in
1366 3176 1441 3225 Mem.

955 3270 957 3272 ,
973 3230 997 3273 de
1010 3229 1111 3277 Trevoux
1123 3244 1196 3294 1743,
1213 3238 1291 3283 Auris.

1007 3294 1076 3341 Silvis
1092 3301 1218 3352 raimundia
1236 3302 1398 3353 conducendlt
1418 3316 1444 3355 et

973 3356 1119 3408 redimendis
1135 3364 1324 3439 mancipamur
1341 3370 1384 3431 qui
1401 3386 1449 3436 pes
1527 3392 1529 3395 ⁴

974 3439 1017 3470 cua
1028 3423 1161 3487 pascebant.
1195 3431 1292 3495 Stcjaur
1304 3434 1415 3491 Gronov.

1007 3488 1029 3548 ξ,
1041 3503 1064 3548 3.
1083 3492 1144 3556 Qtae
1157 3492 1196 3540 hic
1213 3496 1244 3542 ad
1254 3494 1332 3558 fin.§.
1350 3499 1443 3558 sforte
1524 3500 1526 3504 ’

973 3568 1002 3600 ex
1028 3554 1223 3619 interpolatione,
1248 3561 1279 3608 de
1313 3564 1445 3639 praesagiis,

973 3634 1077 3681 quotum
1096 3621 1210 3686 pleraque
1227 3640 1241 3671 e
1264 3628 1445 3678 narrationibus

973 3684 1002 3729 de
1024 3700 1169 3748 magnorum
1191 3688 1310 3749 virorum,
1325 3702 1353 3741 ut
1375 3694 1443 3757 Cyri,

973 3749 1081 3808 Romuli,
1091 3752 1209 3800 natalibus
1220 3755 1371 3816 adumbrata,
1381 3774 1444 3807 uon·

973 3813 1039 3866 nulla
1050 3832 1079 3862 ex
1088 3815 1139 3880 ipso
1152 3818 1251 3883 Virgilii
1266 3821 1366 3878 nominc
1384 3824 1443 3872 duc·
1518 3864 1522 3875 .

972 3888 998 3932 ta
1016 3881 1079 3938 sunt,
1093 3894 1267 3942 memorantur,
1285 3895 1383 3935 tanturn
1394 3903 1443 3939 uon
1467 3923 1470 3930 -

972 3945 1444 4004 omniaGrammaticorumsomniissunt

972 4011 1124 4062 accensenda.
1155 4016 1241 4077 Auget
1252 4014 1326 4063 etiam
1338 4032 1366 4064 ea
1378 4018 1444 4067 Pho-

973 4096 1011 4126 cas
1040 4077 1218 4127 Grammaticus
1244 4079 1269 4126 in
1297 4081 1357 4129 Vita
1384 4083 1444 4132 Vir-

972 4143 1026 4206 gilii
1047 4157 1072 4188 v.
1097 4154 1205 4203 33-40.
1250 4145 1349 4193 Postiea
1363 4146 1444 4197 suavi·

973 4220 1023 4255 tate
1048 4205 1100 4253 ltaec
1126 4209 1268 4257 condierunt
1295 4215 1353 4277 Jov.
1378 4214 1444 4261 Pon·

972 4284 1042 4320 tanus
1061 4272 1159 4322 Uraniae
1180 4272 1223 4320 lib.
1246 4275 1277 4333 11,
1292 4291 1349 4350 pag.
1367 4276 1442 4343 2968.

972 4340 1036 4402 Opp.
1048 4335 1081 4383 T.
1099 4338 1142 4383 tv.
1176 4337 1310 4387 Politianus
1324 4357 1350 4388 tn
1367 4343 1444 4393 Man·

971 4415 1007 4458 to,
1037 4400 1112 4465 digno
1140 4402 1255 4461 carmine,
1292 4406 1358 4468 quod
1386 4423 1443 4457 curn

970 4468 1021 4531 ipsa
1055 4467 1168 4515 Maronis
1201 4466 1318 4522 sectione,
1341 4473 1443 4538 conjun-

970 4544 1051 4602 gatus·

1304 4589 1442 4670 ‘bt-
