3575 5509
792 587 803 622 l

494 651 497 655 ⁵
577 686 977 820 quRG1c0N‚
1019 693 1134 769 rra.
1167 696 1233 769 rr.
1277 677 1279 683 ’
1322 704 1389 789 m
1432 738 1435 750 ·

416 892 473 1002 To
492 899 733 970 tamenelevi
749 899 878 971 rimosa
894 900 1028 972 cubilia
1045 900 1134 971 limo
1344 918 1391 992 45

413 1029 546 1126 Ungue
558 1030 681 1101 fovens
694 1028 842 1116 circum,
854 1048 889 1101 et
901 1055 993 1102 raras
1007 1031 1109 1128 super
1120 1033 1228 1132 injice
1241 1032 1401 1135 frondic.

412 1163 492 1237 Neu
510 1167 659 1262 propius
678 1166 778 1237 tediis
798 1186 919 1240 taxum
939 1168 1010 1240 fine
1017 1204 1027 1252 ς
1053 1196 1142 1243 neve
1156 1172 1314 1245 rubentis

412 1304 489 1375 Ure
507 1304 588 1374 foco
604 1326 748 1375 cancros
757 1337 766 1385 ;
779 1304 874 1381 ‚altae
889 1326 957 1375 neu
972 1305 1078 1375 erede
1094 1305 1229 1399 paludi,
1299 1350 1311 1399 5
1389 1289 1391 1291 ,

409 1433 485 1509 Aut
501 1434 564 1509 ubi
577 1437 669 1509 odor
685 1437 783 1510 coeni
798 1437 929 1533 gravis,
954 1453 1015 1507 aut
1031 1438 1094 1508 ubi
1112 1461 1268 1512 concava
1285 1438 1390 1536 pulsu

408 1572 499 1645 Saxa
527 1572 659 1661 sonant,
686 1571 849 1669 vocisque
864 1570 997 1644 offensa
1013 1571 1157 1644 resultat
1172 1574 1306 1671 imago.
1341 1565 1390 1674 30

439 1781 479 1829 45.
496 1778 600 1818 eruetur
618 1767 703 1818 Heins.
724 1784 737 1817 e
755 1768 842 1818 Medic.
862 1778 887 1817 et
903 1753 958 1817 {liis
973 1767 1143 1833 compluribus.
1174 1770 1256 1838 Vulgo
1275 1784 1303 1834 ei,
1322 1772 1389 1838 quod

407 1842 512 1909 Nauger.
530 1844 622 1904 intulit,
636 1840 748 1909 quodque
765 1844 826 1893 bene
842 1842 954 1893 convenit
969 1861 1024 1893 cum
1043 1845 1120 1894 altero
1135 1856 1161 1896 et.
1179 1846 1208 1897 cf.
1227 1852 1303 1909 Serv,
1323 1848 1388 1899 abest

408 1930 537 1986 utrumque
547 1921 615 1971 Toll.
647 1924 720 1983 limosa
732 1920 826 1989 Zulichv.
857 1923 948 1969 cubicula
959 1921 1155 1981 nodet—46.
1163 1924 1388 1986 savensToll—

405 2010 512 2060 47-50.
530 1996 629 2046 Possunt
640 1996 693 2047 haec
703 1997 781 2046 videri
801 1997 879 2047 alieno
897 1998 951 2047 loco
971 1998 1055 2063 polita,
1071 2010 1095 2047 et
1116 1999 1188 2065 supra
1204 2001 1269 2050 inter
1285 2017 1322 2061 ea,
1332 2017 1388 2066 quar

408 2074 515 2124 cavenda
534 2075 597 2131 sunt,
612 2073 736 2122 reserenda
754 2073 830 2123 fuisse.
862 2076 944 2124 Etiam
961 2078 1000 2141 Jo.
1018 2075 1142 2125 Schrader.
1157 2078 1182 2127 in
1201 2078 1292 2128 schedia
1306 2080 1388 2129 locum

406 2150 535 2201 missuum
547 2151 750 2215 circumspiciebat
762 2151 813 2215 poll
823 2167 846 2199 v.
855 2165 895 2213 32.
928 2154 1027 2201 Poteras
1037 2154 1089 2217 pari
1097 2154 1151 2217 jure
1161 2156 1214 2220 post
1225 2172 1249 2205 v.
1269 2169 1299 2219 17
1312 2171 1388 2207 annn-

406 2243 510 2278 merare.
544 2227 638 2275 Scilicet
648 2227 664 2275 fi
675 2229 701 2276 in
712 2228 854 2293 philosopho
864 2232 973 2294 dogmatico
984 2230 1122 2289 versabaris,
1136 2230 1162 2280 id
1174 2233 1239 2297 exigi
1248 2244 1352 2297 poterat,
1359 2245 1388 2285 ut

404 2305 491 2354 severo
502 2320 528 2352 ac
544 2303 625 2353 subtili
636 2305 720 2354 ordine
732 2304 772 2353 ille
789 2316 906 2356 uteretur.
937 2306 1046 2353 Servavit
1059 2322 1153 2369 quoque
1166 2322 1222 2354 eum
1234 2308 1330 2356 Colum.
1342 2309 1358 2358 l.
1370 2309 1388 2358 l.

406 2384 456 2441 lX,
470 2396 496 2443 5,
506 2396 529 2440 4.
543 2395 567 2442 5.
582 2380 607 2429 ⁶.
639 2382 691 2429 Nec
706 2393 787 2443 tamen
806 2381 910 2431 turbasse
925 2382 1034 2431 ordinem
1045 2382 1217 2443 sententiarum
1228 2382 1306 2432 videri
1316 2384 1387 2434 debe-

406 2459 538 2523 batpodta.
572 2459 649 2522 Supra
659 2474 682 2503 v.
696 2456 710 2505 8
724 2458 775 2523 sqq.
787 2457 816 2506 de
827 2458 871 2506 srtu
880 2454 990 2517 alvearii,
999 2456 1057 2506 'tum
1069 2473 1121 2522 qnae
1131 2458 1157 2505 in
1168 2474 1197 2506 eo
1211 2458 1387 2523 cavendasunt,
1489 2465 1494 2470 “

405 2535 506 2600 agebat3
522 2533 578 2582 inde
592 2549 606 2580 a
621 2549 646 2584 r.
660 2548 691 2595 33
704 2535 733 2582 de
751 2534 800 2599 ipsa
814 2534 922 2593 sabrica;
938 2535 1094 2599 speclandum
1105 2536 1130 2582 in
1141 2535 1194 2594 hac,
1213 2545 1238 2583 ut
1257 2535 1386 2600 angustum

404 2609 438 2661 srt
446 2607 547 2669 ostium}
562 2620 599 2668 ut,
610 2610 719 2675 exemplo
731 2627 812 2676 apum,
828 2612 857 2659 ab
875 2611 968 2675 apiario
985 2612 1053 2659 rimae
1065 2622 1090 2659 et
1100 2611 1219 2659 foramina
1230 2611 1387 2661 oblinantur3

404 2688 502 2737 tandem
515 2697 541 2734 ut
555 2702 598 2733 nec
610 2686 670 2734 odor
681 2703 724 2735 nec
741 2687 814 2736 sonus
834 2687 930 2736 infestus
941 2686 971 2735 ad
985 2702 1040 2751 aper
1050 2687 1259 2747 accedam—47.
1276 2689 1385 2753 Necpro·

401 2765 516 2826 piratert.
530 2761 647 2808 Rottend.
681 2763 720 2808 Ne
737 2760 872 2809 Arusianus.
905 2773 978 2808 taxum
980 2763 1029 2825 stne
1042 2765 1100 2809 renis
1111 2755 1171 2809 alter
1183 2761 1277 2809 Moret.
1309 2774 1384 2810 taxum
1465 2810 1472 2823 ,

402 2838 510 2903 iesiisstne
522 2834 648 2901 oblongus
659 2837 845 2901 Pierii—49.
861 2840 906 2884 odos
915 2848 970 2885 tert.
982 2838 1100 2887 Rottend.
1133 2840 1176 2885 olor
1191 2836 1284 2885 Barthii
1299 2839 1383 2900 codex,

403 2931 478 2981 quem
495 2932 521 2965 v.
537 2915 604 2965 Adv.
623 2917 757 2973 XXXVII,
777 2914 792 2963 6
812 2928 836 2963 et
854 2909 929 2964 exeo
950 2914 1074 2963 Kenchen.
1091 2915 1122 2963 ad
1136 2917 1187 2962 Ser.
1204 2916 1322 2963 Samonic.
1342 2932 1383 2980 97.

400 2995 457 3042 dolor
471 3010 516 3058 pro
536 3008 588 3041 var.
606 2993 662 3042 lest.
683 2994 708 3041 in
725 2994 799 3051 Gud.,
814 2992 876 3040 forte
888 2994 977 3042 exesor.
1008 2993 1213 3057 pufiidemam.
1224 3006 1262 3056 pr.
1291 3000 1384 3056 grandin

398 3073 461 3135 puffir
471 3069 676 3132 Vratiss.—-50.
691 3074 739 3118 voci
750 3070 794 3119 Ed.
808 3068 921 3118 Norimb.

440 3258 489 3317 45.
513 3243 562 3313 46.
585 3242 676 3318 Apum
699 3238 871 3317 diligentiam
918 3261 963 3298 rer
981 3238 1029 3313 πῇ
1038 3240 1131 3303 aelirur,
1149 3235 1237 3315 quibus
1248 3251 1385 3301 commeent,
1428 3260 1432 3267 ·

401 3315 499 3403 apiarii
521 3335 602 3393 opera
624 3318 803 3393 adevandam
829 3317 872 3374 di·
919 3315 1093 3395 relinquemur.
1113 3317 1159 3381 Et,
1185 3325 1304 3391 quamvis
1323 3331 1382 3390 por·

400 3407 450 3450 ert.
490 3393 574 3451 Loeve
592 3392 685 3463 lurum
714 3414 776 3453 narn
802 3414 871 3471 aqua
916 3403 966 3452 iicu
984 3402 1097 3468 pratella
1121 3396 1198 3467 vasa,
1228 3392 1384 3448 nihilominus

401 3469 539 3527 subadlum
563 3469 623 3526 sane
644 3486 672 3528 et
692 3472 764 3528 tastu
787 3471 871 3528 lubri·
917 3468 1164 3549 congestuculmorrrm
1173 3485 1197 3525 et
1200 3471 1333 3545 frondium
1334 3471 1384 3540 su·

400 3565 465 3603 cum
477 3560 505 3603 et
516 3545 574 3603 visu
587 3545 705 3613 nitidum
718 3550 763 3605 est.
791 3547 868 3604 Mul·
912 3564 1076 3627 perlegeritis,
1095 3562 1260 3623 quantumque
1277 3568 1315 3602 rer
1331 3560 1383 3620 pa·

400 3638 444 3681 tus
462 3637 551 3682 tamen
570 3624 599 3680 in
618 3623 670 3680 hoc
688 3623 865 3681 Burmannus.
915 3633 1001 3692 rietur,
1021 3648 1039 3681 a
1041 3629 1146 3701 frigore
1162 3639 1186 3678 et
1204 3621 1383 3699 tempessaiibus

399 3723 464 3779 unge
483 3725 496 3757 e
515 3700 572 3757 limo
583 3700 691 3777 proprie
701 3700 818 3763 dislum,
836 3715 866 3757 ut
913 3711 1056 3759 muniemus.

399 3775 501 3834 medici
513 3776 608 3833 solent.
621 3776 679 3833 vid.
692 3776 775 3833 eund.
794 3782 866 3833 rino·
952 3796 1077 3855 47-50.
1104 3774 1222 3851 Subjicit
1242 3774 1382 3843 nonnulla,

387 3858 427 3930 sa
447 3852 540 3910 rubilia
562 3852 592 3909 in
609 3852 723 3928 pedestri
734 3852 865 3920 sermone,
913 3874 974 3929 quae
993 3854 1023 3909 in
1042 3853 1200 3909 adornando
1220 3851 1318 3910 alveari
1339 3851 1382 3908 vi-

397 3929 482 3987 rimar
494 3928 603 3996 cubilis,
623 3929 651 3987 h.
666 3928 788 3996 alvearis,
801 3954 866 4008 unge
913 3931 1002 3988 denda
1021 3929 1091 3988 sunt.
1129 3929 1168 3987 cf.
1191 3928 1258 3987 Var.
1279 3929 1315 3989 L.
1337 3927 1381 3986 De

394 4016 498 4073 circum,
530 4010 638 4083 fovens,
669 4006 721 4064 hoc
752 4005 866 4084 poitico
914 4023 975 4065 taxo
987 4028 1013 4065 ν.
1028 4006 1084 4065 Ge.
1097 4005 1138 4073 II,
1160 4026 1224 4085 257·
1245 4007 1307 4067 Ecl.
1320 4005 1380 4073 IX,

396 4100 494 4142 ornatu
508 4083 658 4159 adjedlum3
679 4103 742 4141 nam
761 4084 797 4140 ad
821 4103 865 4148 ca,-
916 4103 963 4159 30.
984 4086 1026 4141 De
1047 4094 1133 4143 cancri
1155 4088 1248 4152 nidere,
1268 4108 1322 4142 cum
1345 4088 1380 4160 est

395 4162 484 4218 lorem
497 4158 689 4218 continendum
700 4160 764 4225 alias
778 4160 808 4217 id
818 4161 865 4219 fie-
912 4162 1011 4248 ignibus
1023 4163 1075 4221 adu
1093 4184 1121 4218 ar
1135 4160 1189 4234 (uri
1205 4178 1295 4218 autem
1315 4158 1381 4217 solet

396 4237 421 4298 ri
445 4236 521 4306 solet,
541 4251 571 4293 ut
592 4237 674 4295 rimas
698 4238 863 4298 obturemus.
913 4257 942 4294 rn
964 4238 1101 4296 variorum
1118 4238 1276 4296 morborum
1289 4239 1378 4305 cura),

396 4314 504 4371 Caetera
513 4314 624 4371 illustrat
637 4315 788 4373 Columella
805 4316 863 4384 IX,
911 4314 969 4373 vid.
992 4314 1107 4374 Gesneri
1126 4330 1218 4372 notam
1238 4313 1274 4369 ad
1294 4311 1380 4369 Colu-

397 4393 864 4469 14,14Qicquiddeinderirnarum
913 4394 989 4452 mell.
1000 4393 1058 4461 IX,
1079 4413 1107 4470 5,
1128 4386 1154 4449 6.
1195 4392 1244 4457 48.
1256 4410 1302 4445 neu
1310 4391 1380 4445 cr'ede
1465 4433 1467 4438 .

393 4490 409 4522 e
430 4508 439 4532 ,
459 4484 506 4526 aut
514 4475 685 4544 straminum,
705 4467 755 4528 luto
775 4474 866 4546 etfimo
913 4493 954 4526 tar
972 4471 1065 4547 paludi
1083 4485 1128 4526 aut
1149 4466 1283 4541 ejusmodi
1304 4465 1379 4530 loco,

412 4542 485 4601 nbula
492 4547 565 4619 mfiir
576 4544 698 4607 illinemus
708 4554 866 4627 extrinsecus,
912 4547 1049 4607 ubi-odor
1054 4553 1159 4625 gravis,
1172 4541 1305 4610 molestor,
1313 4541 1380 4617 qula

436 4619 523 4681 Tora.
537 4619 561 4679 l.
660 4658 666 4669 -
954 4623 984 4680 ll
1004 4623 1023 4679 h
1263 4695 1266 4705 ¹
1303 4617 1380 4677 sortis
