3575 5509
584 691 929 788 Bucolica,
969 694 1100 776 rec.
1144 704 1214 781 ru.
1356 717 1401 813 67

414 893 580 981 Pierides,
597 894 747 965 vitulam
763 893 884 972 lectori
902 893 1035 989 pascite
1053 898 1179 971 vestro.
1350 915 1392 1004 85

629 1079 631 1083 >
692 1119 694 1124 7
789 1045 1005 1100 Mrurrcas'.

411 1166 526 1241 Pollio
543 1185 577 1241 et
595 1170 668 1265 ipse
686 1170 770 1242 facit
786 1192 878 1240 nova
893 1168 1072 1240 carmina:
1090 1170 1223 1265 pascite
1239 1191 1391 1266 taurum,

409 1302 492 1396 Jam
509 1328 620 1374 cornu
638 1319 746 1399 petat,
763 1304 960 1399 etpedibus
977 1305 1039 1400 qui
1054 1305 1193 1401 spargat
1209 1333 1365 1385 arenam.

784 1458 1002 1511 Damouras,

408 1574 484 1671 Qi
499 1593 544 1660 te,
561 1573 685 1663 Polli0,
697 1592 803 1662 amat,
818 1577 946 1662 veniat,
960 1600 1032 1672 quo
1045 1596 1079 1650 te
1091 1599 1231 1677 quoque
1243 1583 1387 1679 gaudet.
1411 1563 1413 1567 Ι

408 1707 521 1779 Mella
537 1709 645 1780 fluant
661 1709 727 1796 illi,
745 1708 832 1780 ferat
849 1728 883 1782 et
900 1712 1007 1782 rubus
1025 1711 1124 1808 asper
1139 1740 1337 1789 amomum.

440 1906 479 1967 87.
497 1906 565 1956 ldcm
580 1905 729 1954 verfutAEn.
741 1906 786 1961 IX,
805 1903 862 1967 629,
878 1916 903 1952 et
922 1904 976 1952 fane
994 1906 1062 1969 epieo
1079 1909 1153 1969 poeta
1173 1907 1277 1971 dignior.
1310 1912 1386 1977 Qt'c.

406 1984 514 2032 Parthas.
546 1986 647 2050 Qijam
658 1984 847 2044 cornupetarven.
878 2000 959 2030 cornum
971 1982 1148 2031 Rom—88.
1164 1989 1200 2046 qui
1216 1996 1236 2031 te
1253 2004 1327 2048 quoque
1348 1988 1386 2035 ed.

405 2061 468 2108 Ven.
481 2072 506 2106 et
517 2058 617 2105 Mediol.
644 2077 681 2119 quo
692 2069 710 2103 te
720 2076 793 2119 quoque
803 2060 869 2103 laudet
880 2058 944 2120 conj.
959 2061 1042 2106 Burm.
1068 2060 1101 2105 At
1113 2074 1135 2105 v.
1147 2060 1389 2127 Νοῐ.--89.]Ῑκυηθ

406 2135 512 2183 Mentel.
523 2151 559 2197 pr.
592 2135 649 2180 robus
662 2134 731 2180 Leid.
754 2134 815 2179 rubus
825 2136 899 2197 aspera
911 2133 972 2197 conj.
986 2133 1081 2192 Heius„
1092 2133 1132 2184 sed
1142 2135 1192 2182 vid.
1204 2138 1291 2191 Burin.

406 2304 577 2381 triumphalia
602 2303 674 2361 sacra
694 2323 725 2361 ac
751 2303 868 2362 vittimae
956 2308 1004 2363 88.
1024 2314 1124 2373 veniat,
1138 2323 1385 2393 quotaquoquegau·

403 2402 454 2457 pro
469 2381 597 2438 Pollionis
611 2380 723 2438 vit‘loria
743 2382 868 2458 parandae
915 2384 964 2441 det.
1006 2383 1090 2462 Qud
1109 2403 1229 2461 primum
1252 2386 1383 2454 occurrit,

403 2474 487 2525 eraut.
508 2460 544 2517 cf.
566 2459 626 2516 Ecl.
641 2458 725 2526 VIII,
743 2463 771 2519 6.
793 2459 865 2517 Hor.
914 2460 1286 2538 est,utfuppleas,peroenff;
1302 2478 1385 2539 utque

404 2536 460 2593 Od.
472 2535 511 2604 Il,
525 2556 551 2601 1,
566 2556 609 2614 15·
622 2536 667 2593 16.
700 2535 867 2613 Nam‚quod
915 2536 949 2592 ad
964 2536 1120 2595 felicitatem
1145 2537 1258 2594 omnino
1274 2540 1383 2609 referas,

403 2611 494 2672 Burin.
508 2611 689 2690 ampleflitur‚
721 2613 774 2669 asci
787 2629 813 2670 et
826 2614 866 2671 vi·
916 2634 996 2700 quam
1017 2628 1174 2691 apprecetur
1193 2614 1230 2681 ei,
1253 2614 1300 2691 qui
1322 2616 1384 2673 Pol·

402 2691 486 2748 tulam
499 2704 526 2746 et
534 2692 679 2767 juvencum
692 2634 811 2747 ilonioni
823 2690 866 2747 di·
916 2688 986 2746 lioni
1000 2690 1095 2748 faveat.
1130 2691 1203 2748 Cum
1216 2711 1271 2768 quo
1284 2711 1382 2749 conve-

403 2766 441 2835 ci,
462 2782 492 2824 ut
512 2768 586 2824 istam
601 2781 737 2844 tamquam
750 2766 866 2841 lyricus,
917 2765 959 2823 nit
980 2789 1006 2825 v.
1031 2774 1079 2843 89,
1096 2770 1125 2825 in
1143 2782 1198 2845 q'uo
1218 2769 1286 2825 adeo
1306 2770 1383 2828 aurei

401 2844 473 2902 hunc
498 2858 634 2920 tamquam
658 2843 759 2919 epicus,
787 2850 868 2920 poeta
917 2841 1005 2899 faeculi
1025 2843 1142 2902 felicitas
1160 2845 1337 2921 exprimitur:
1355 2867 1382 2907 v.

402 2922 533 2988 immolet,
571 2921 601 2977 id
640 2920 720 2977 nimis
756 2921 867 2978 dotium
917 2918 977 2977 Ecl.
1001 2919 1055 2987 IV,
1079 2942 1123 2994 30.
1146 2939 1192 2998 ²5·
1245 2922 1273 2977 Si
1294 2938 1383 2980 tamen

402 2999 521 3078 adeoque
540 2998 626 3055 multo
639 2998 725 3075 magis
736 2996 867 3055 vitiosum
917 2994 1051 3053 Menalcae
1070 2998 1151 3053 verba
1173 3016 1322 3072 compares,
1342 3012 1382 3067 et,

402 3074 432 3132 in
463 3075 511 3133 tali
543 3074 661 3133 carmine
669 3099 677 3143 ;
704 3092 867 3151 quamquam
916 3092 996 3148 quem
1024 3074 1144 3149 expreffit
1171 3073 1263 3139 Maro,
1291 3075 1382 3132 locum

401 3153 431 3209 in
454 3152 565 3210 fimilem
591 3152 701 3209 modum
727 3163 867 3229 argutatur
917 3149 1059 3206 Theocrit.
1086 3150 1112 3217 I,
1140 3152 1244 3209 zonat*
1271 3156 1381 3215 τᾶςβω-

403 3229 492 3287 Schol.
516 3229 627 3287 Horatii
649 3228 683 3285 ad
697 3228 781 3305 Epist.
796 3228 821 3292 I,
836 3248 865 3302 3,
916 3236 1017 3293 κολικαῐς
1030 3227 1072 3284 ἔτι)
1089 3228 1118 3284 ri
1135 3232 1206 3284 πλέον
1219 3230 1266 3285 ἵκεο
1278 3229 1382 3298 Malean,

402 3310 449 3382 36.
489 3306 572 3378 Quod
596 3325 659 3361 vero
678 3305 788 3362 fedarent
807 3324 865 3362 car·
915 3321 1040 3380 apparere
1060 3304 1187 3370 arbitror,
1211 3306 1274 3370 hoe,
1294 3324 1382 3383 quote

400 3383 505 3440 minum
517 3382 684 3449 memoravit,
696 3402 788 3458 parum
799 3380 865 3439 scite
914 3404 1002 3459 quoque
1028 3386 1122 3458 gaudet
1151 3383 1304 3459 pervenifle,
1330 3385 1381 3441 effe

399 3459 489 3517 fecisse
500 3473 527 3514 ct
539 3458 676 3533 personam
690 3457 720 3513 in
737 3458 787 3513 hoc
808 3457 865 3535 pas·
914 3457 1080 3514 referendum
1101 3464 1134 3515 ad
1154 3475 1247 3516 cantus
1267 3459 1379 3517 faculta-

399 3534 470 3593 toris
484 3534 553 3590 male
565 3534 707 3590 sustinuisse
717 3534 803 3590 videri
817 3534 864 3591 de·
914 3547 968 3591 tem
977 3559 985 3603 3
1006 3534 1059 3600 illi,
1080 3552 1134 3591 tam
1153 3535 1254 3593 bonum
1267 3538 1379 3613 poetam

399 3612 446 3670 bet
460 3611 558 3676 Mar03
580 3609 668 3665 Pastor
679 3610 754 3666 canit
765 3611 863 3668 carmi·
913 3612 1055 3687 contingat
1064 3613 1124 3679 effe,
1135 3632 1215 3689 quam
1231 3612 1315 3670 Pollio
1322 3617 1378 3684 est;

398 3710 434 3746 na
446 3702 474 3745 et
488 3686 596 3746 auditur
607 3689 665 3761 ejus
677 3694 788 3743 cantus:
809 3708 864 3744 non
914 3687 943 3741 ut
953 3690 1056 3755 contra,
1066 3688 1113 3765 qui
1122 3690 1231 3746 Bavium
1241 3710 1294 3747 non
1305 3690 1378 3760 odit,

396 3786 462 3823 vero
475 3763 568 3821 scribit
582 3762 701 3819 carmina
713 3777 740 3819 et
752 3761 862 3839 legitur.
914 3775 968 3820 tam
994 3768 1079 3822 malus
1108 3766 1193 3840 judex
1226 3766 1379 3826 carminum

400 3844 446 3901 86.
467 3867 537 3900 nova
549 3851 673 3907 sarmata,
687 3839 713 3896 lr.
727 3841 864 3917 praeclara‚·
913 3842 978 3908 etto,
998 3856 1027 3898 ut
1040 3841 1170 3899 Maevium
1184 3844 1288 3919 probet.
1318 3849 1378 3919 89.

397 3918 488 3995 qualia
499 3937 635 3994 nunquam
656 3917 815 3984 antefacta,
835 3933 864 3974 ut
913 3918 1379 3981 Adumbraturadduflum'fhcocr.

397 3996 500 4054 Horat.
514 3995 570 4051 Od.
591 3994 617 4062 I,
640 3996 687 4059 26,
704 4014 739 4052 ιο
742 3997 809 4069 fides
821 4019 862 4052 no·
913 3991 953 4061 V,
970 4015 1024 4069 124
1043 3994 1081 4073 sq.
1122 3998 1247 4053 Amanium
1269 3998 1378 4055 fruticis
1426 4047 1428 4051 ,

396 4073 538 4131 vasdixit.
567 4069 862 4128 Pollionisautemlau-
911 4072 1192 4150 genuslndici‚quod
1203 4088 1292 4131 tamen
1300 4076 1379 4149 quale

396 4150 459 4207 dem
472 4168 507 4205 ex
521 4148 627 4225 tragicis
639 4148 731 4205 studiis
744 4166 862 4207 tenemus
911 4147 994 4204 fucrit
1037 4170 1112 4206 arum
1136 4154 1246 4208 conflat.
1294 4150 1378 4206 Plinii

394 4245 430 4284 ex
451 4226 549 4285 Horat.
569 4227 660 4283 Carm.
676 4225 714 4293 ll,
731 4246 756 4290 r,
769 4246 798 4301 9,
817 4246 860 4284 ro.
910 4239 938 4280 et
951 4170 1121 4284 melotidis
1133 4229 1193 4285 luca
1208 4250 1233 4286 v.
1248 4226 1377 4303 aplflar-

396 4304 482 4361 Serm.
506 4303 530 4367 1,
558 4322 603 4368 ro,
626 4323 662 4379 42
682 4301 759 4360 Pollio
778 4328 861 4383 regum
912 4299 961 4358 tin.
987 4318 1015 4359 et
1039 4304 1150 4362 Salmas.
1176 4307 1211 4361 ad
1237 4303 1322 4359 Solin.
1347 4322 1377 4379 p.

557 4381 630 4513 pede
648 4396 687 4435 ter
699 4386 816 4458 percuſjo',
832 4382 856 4444 lt.
913 4385 980 4452 284,
993 4380 1040 4454 qui
1053 4401 1190 4438 amomum
1204 4381 1258 4437 fere
1271 4382 1306 4435 de
1316 4400 1376 4436 orn-
1419 4403 1421 4407 ·

569 4455 652 4513 cribit
664 4455 782 4515 senariis.
911 4454 941 4514 ni
952 4472 1070 4514 aromate
1084 4457 1184 4516 sincero
1202 4457 1306 4515 dierum
1325 4457 1376 4512 do-

1013 4534 1038 4592 E
1059 4551 1074 4590 2
1323 4547 1377 4594 cet.
1476 4541 1479 4546 '
