3575 5509
395 694 521 753 mm
660 635 764 750 *or
806 632 1106 757 umorrrr

395 873 567 973 Diptych.
583 874 693 947 Leod.
743 874 841 972 App.
854 900 892 972 p.
908 904 944 969 4.
962 870 1025 951 10.¹
1040 899 1093 951 11.
1121 867 1181 952 Cf.
1193 874 1374 958 Rottarius

393 998 431 1070 in
447 995 549 1093 praef.
567 994 612 1067 ad
628 994 770 1091 Fragm.
790 994 906 1068 Vatic.
924 1019 1007 1093 pag.
1022 994 1131 1073 XXI.
1181 1001 1376 1075 Zachariae

394 1117 613 1189 bibliotheca
630 1115 826 1190 Pistoriens.
844 1140 882 1212 p.
896 1118 955 1209 46.
1006 1118 1063 1191 De
1078 1121 1132 1194 his
1148 1122 1234 1220 ipsu
1249 1123 1371 1197 autem

396 1238 661 1334 subscriptionis
687 1238 841 1310 versibus
864 1240 1013 1312 eandem
1040 1242 1274 1340 suspicionem
1289 1244 1372 1344 jam

241 1371 246 1385 ‘
397 1362 615 1436 Muratorius
650 1380 861 1459 conceperat
893 1386 937 1433 ex
959 1386 1013 1449 e0,
1038 1364 1138 1458 quod.
1162 1366 1258 1439 binis·
1281 1368 1371 1441 locis

396 1490 683 1563 variaeleetiones
701 1488 759 1562 seu
776 1486 981 1586 glossemata
997 1486 1131 1585 adjecta
1147 1489 1247 1564 sunt:
1271 1492 1371 1566 Nov.

325 1670 327 1674 >
397 1614 505 1692 Thes.
538 1613 701 1710 Inscript.
728 1608 909 1709 T.'11,p.
940 1612 1022 1686 662.
1074 1613 1172 1686 Inter
1197 1618 1276 1705 haec
1303 1618 1374 1689 alia

396 1740 583 1814 difficultas
620 1733 790 1833 objicitur
823 1734 860 1805 in
905 1733 985 1821 hoc,
1008 1734 1106 1831 quod
1145 1735 1270 1809 manus
1309 1739 1372 1811 illa

380 1864 537 1949 ·Asterii,
561 1861 619 1933 seu
638 1858 762 1933 Turcii
785 1856 882 1929 Rufii
906 1855 1115 1953 Aproniani,
1138 1857 1279 1953 appicta
1299 1884 1371 1931 non

398 1991 447 2062 est
463 1987 528 2060 nisr
552 1984 598 2057 ad
615 1983 751 2057 calcem
768 1978 1038 2053 Bucolicorum:
1063 2003 1136 2075 quo
1151 1979 1231 2053 satis
1252 2000 1373 2077 patere

399 2113 550 2195 videtur,
574 2132 640 2180 nec
674 2105 820 2177 ulterius
856 2101 931 2201 ejus
973 2126 1120 2198 operam
1154 2102 1371 2199 procellilse;

397 2237 528 2330 alioqui
552 2233 616 2304 sub
639 2234 749 2303 finem
774 2229 1034 2325 Georgicorum
1061 2247 1098 2299 et
1117 2228 1276 2301 AEneidis
1299 2243 1373 2301 non

399 2359 519 2430 minus
555 2352 765 2448 subscriptio
803 2350 881 2457 illa
897 2348 1054 2445 apposita
1090 2349 1156 2421 effe
1187 2350 1371 2428 debuerat.

271 2511 276 2518 2
398 2486 475 2559 Aut
496 2471 521 2551 sr
543 2497 657 2550 totum
678 2498 766 2571 opus
790 2498 809 2545 e
830 2468 1254 2568 recenfione'Aproniana
1276 2496 1372 2551 tarn-

344 2685 349 2707 .·
397 2632 506 2706 quam
540 2603 786 2700 apographum
815 2598 1033 2695 descriptum
1061 2600 1128 2672 esse
1153 2602 1296 2691 dixeriS,
1325 2605 1373 2677 ab

396 2729 531 2805 incuria
546 2724 680 2799 librarii
692 2725 728 2795 in
744 2721 889 2819 reliquis
900 2723 1016 2818 operis
1025 2724 1184 2819 parribus
1196 2725 1373 2825 subscrip-

371 2855 374 2861 ’
397 2854 534 2926 tionem
548 2846 710 2920 omissam
727 2844 793 2918 elle
809 2842 1004 2915 dicendum
1020 2844 1081 2915 est.
1132 2845 1185 2916 Ut
1202 2846 1269 2920 hoc
1282 2849 1372 2922 alre.

398 3000 480 3049 rum
508 2971 653 3045 mallem
682 2968 837 3062 sactum
862 2984 1023 3039 moverat
1048 2991 1107 3039 me
1130 2968 1245 3060 Julius
1269 2972 1373 3045 Sabi.
1405 2993 1409 3005 .

397 3122 476 3183 nus,
499 3095 562 3190 qui
589 3091 635 3164 ad
653 3079 846 3193 'AEneidern
871 3086 996 3183 passim
1026 3082 1269 3186 Apronianam
1297 3096 1371 3167 lec-

253 3311 255 3316 ,
398 3220 535 3290 tionem
552 3215 682 3287 laudat.
733 3213 781 3283 Et
797 3211 965 3284 convenit
980 3235 1050 3282 una
1071 3215 1227 3287 etaltera
1243 3217 1371 3292 harum

394 3342 593 3415 lectionum
622 3361 706 3409 cum
732 3336 979 3408 emendatione
999 3337 1036 3408 in
1056 3338 1226 3412 Mediceo
1247 3342 1373 3414 codice
1407 3374 1410 3379 ·

398 3463 525 3563 priscae
555 3459 740 3555 scripturae
771 3458 966 3547 substitura,
992 3485 1027 3534 v.
1057 3486 1089 3533 c.
1117 3462 1201 3539 AEn.
1232 3463 1260 3550 1,
1285 3465 1371 3561 636.

399 3584 485 3657 Hoc
501 3581 678 3677 sequutus,
695 3578 816 3651 multis
833 3580 869 3650 in
886 3581 973 3653 locis
987 3583 1032 3654 ad
1042 3581 1235 3657 'AEneidem
1247 3588 1371 3685 Apro.

384 3710 544 3783 'nianam
561 3706 748 3778 lectionem
759 3728 802 3776 ex
810 3705 907 3797 Julio
917 3708 1046 3781 Sabino
1059 3710 1223 3783 excitavi.
1241 3710 1373 3785 Enim-

399 3857 485 3906 vero
500 3833 537 3904 in
563 3830 640 3903 aliis
659 3833 676 3874 *
693 3830 780 3902 locis
804 3832 1049 3932 Apronianum
1077 3836 1266 3908 lectionem
1290 3835 1373 3909 nul-

397 3963 471 4036 um
485 3951 640 4030 vureue
657 3933 776 4045 amm,
799 3982 909 4054 quam
923 3953 1115 4057 genuinam-
1133 3961 1292 4035 medicei
1309 3958 1375 4035 co.

398 4088 488 4160 'dicis
505 4082 704 4169 lectionem,
720 4106 803 4177 quae
820 4084 908 4156 adeo
925 4062 1131 4180 Aproniano
1146 4086 1255 4157 tribui
1273 4069 1374 4159 nullo

436 4334 455 4367 ⁴
474 4332 513 4391 v.
527 4353 553 4393 c.
567 4334 631 4394 AEn.
645 4332 686 4402 11,
701 4352 734 4413 51
747 4340 826 4412 fera
848 4335 902 4417 ⁶57
917 4343 1028 4416 rafim.
1050 4297 1373 4419 111,336.1v,'9.27.

391 4425 544 4502 amru·
558 4427 623 4503 4⁶4·
636 4442 703 4503 551·
721 4422 779 4493 IX.
794 4442 859 4500 214·

1262 4567 1375 4649 modo
