3575 5509
398 698 468 774 rm
632 642 1144 770 Excuuons1n

396 898 471 957 ειιι.
486 896 554 956 rin.
568 913 617 974 χιι,
635 909 664 952 ιι
684 893 779 955 uaris.
804 895 840 953 aa
857 894 922 953 cre.
943 894 979 953 ae
1000 894 1041 954 N.
1057 895 1096 955 n.
1116 895 1159 967 11,
1177 896 1216 972 ⁶4
1228 883 1386 977 egitran.

396 987 456 1068 pius
469 987 497 1044 in
512 985 595 1063 Epist.
608 985 671 1044 crit.
681 1005 709 1063 p.
727 989 795 1054 161,
814 998 842 1042 et
854 984 981 1061 quialia‚
1000 1006 1082 1068 quarn
1103 985 1133 1044 iu
1151 1006 1213 1065 quae
1235 987 1261 1045 ia
1273 987 1383 1050 incide-

396 1090 450 1146 rat,
469 1076 573 1144 attulit,
592 1073 757 1133 Fontaninur
769 1074 800 1132 iu
813 1074 888 1133 Hill.
908 1073 964 1133 litt.
979 1074 1100 1151 Aquilei.
1114 1096 1143 1154 p.
1158 1095 1194 1154 ²9
1208 1068 1268 1156 sqq.
1309 1078 1384 1138 Lau.

395 1169 494 1226 dantur
513 1165 603 1245 paffim
629 1163 809 1243 Euphorionis
832 1164 959 1241 χιλιάδες.
999 1163 1044 1238 En
1066 1184 1148 1243 porro
1169 1166 1205 1224 de
1228 1186 1263 1226 eo
1291 1168 1386 1228 Suidae

395 1259 473 1316 locus
498 1255 528 1315 iu
554 1257 681 1331 Εὐφοςίιιι,
700 1254 731 1312 in
757 1274 813 1332 quo
832 1255 859 1313 ei
881 1254 1038 1314 tribuuntur
1062 1275 1162 1333 opera:
1181 1258 1305 1326 Ἠσάιδις,
1325 1271 1384 1317 Mo·

397 1348 487 1419 ψνιιίιι
516 1348 690 1411 ἧἈτιιιιτιι.
753 1341 858 1413 Verba,
894 1365 955 1422 quae
988 1345 1052 1404 inde
1076 1344 1236 1428 sequnntur,
1265 1349 1381 1434 obsepta

396 1453 425 1496 et
446 1450 573 1517 cormpta
593 1435 665 1494 sunt.
714 1432 842 1510 Sequitur
860 1433 890 1492 in
911 1436 981 1493 fine:
1003 1434 1051 1493 εἶσὶ
1074 1435 1099 1496 δὲ
1118 1441 1212 1504 βιβλία
1232 1445 1255 1498 l·
1272 1445 1379 1518 ὴιγξά.

396 1543 473 1603 prm
491 1527 515 1586 δὲ
538 1528 678 1597 aarum
696 1523 787 1601 xenaia
811 1522 870 1600 orgi
890 1531 1030 1601 χςιισμῶι;
1051 1546 1082 1584 ea
1106 1526 1160 1586 viri
1179 1527 1255 1588 doffi
1274 1529 1313 1589 ita
1331 1549 1379 1589 ac·

397 1616 547 1697 cipiebant,
566 1629 597 1673 ut
618 1634 685 1692 opus
709 1612 778 1671 illud
798 1612 827 1669 in
852 1614 971 1692 quinque
993 1614 1137 1676 Chiliadee
1158 1616 1276 1678 divisum
1301 1629 1382 1698 p'uta-

398 1722 468 1774 rent,
489 1725 602 1783 quarum
613 1702 711 1781 quinta
722 1701 779 1779 mgr*
797 1712 921 1779 χςησμῖιι
939 1703 1068 1782 inscripta
1080 1706 1154 1765 effer.
1192 1707 1232 1764 At
1251 1708 1382 1786 'l'oupiue

398 1797 522 1876 χιλιάδας
546 1814 613 1873 opus
637 1791 730 1852 statuit
758 1791 894 1851 diversum
919 1790 994 1851 soille
1014 1813 1030 1851 a
1054 1792 1218 1874 Mopsopia).
1247 1797 1379 1876 quintum

396 1889 498 1950 librum
521 1884 579 1962 πεςῖ
601 1889 723 1961 χςησμῖιν
759 1881 919 1961 inscriptum
944 1880 1032 1952 inille,
1062 1883 1192 1962 quonlam
1213 1885 1250 1944 de
1270 1888 1380 1947 maculo

397 1980 495 2058 agebat
516 1992 566 2055 per
589 1974 656 2034 mille
682 1991 805 2032 annorum
833 1975 956 2049 decursum
986 1989 1080 2032 eventu
1108 1975 1219 2054 probatis
1250 1978 1323 2050 lnam
1347 1977 1379 2036 itt

398 2068 472 2126 bunc
492 2066 585 2124 saltem
610 2061 724 2122 modum
745 2079 801 2119 rem
824 2062 1009 2139 exponendam
1028 2062 1079 2121 esse
1101 2062 1237 2135 arbitror3
1257 2083 1315 2124 nou
1334 2084 1382 2123 ve·

399 2175 434 2217 ro
454 2156 502 2226 fic,
525 2168 557 2213 ut
581 2153 651 2211 inter
676 2149 828 2229 responsum
852 2165 880 2208 et
903 2166 1024 2210 evenrem
1045 2152 1120 2210 mille
1140 2171 1274 2212 annorum
1298 2153 1382 2214 inter-

398 2247 501 2305 vallum
524 2240 676 2303 interfuerit
683 2264 692 2310 3
724 2240 821 2298 borum
844 2239 918 2299 enim
942 2242 1114 2301 oraculorum
1148 2241 1265 2321 exiguus
1287 2263 1382 2316 uume-
1469 2297 1474 2305 .

400 2354 445 2394 rus
465 2334 515 2392 effe
539 2328 653 2399 debuit;
685 2327 732 2387 sod
758 2330 921 2407 congesserat
944 2330 1016 2388 haud
1042 2330 1126 2390 dubie
1151 2331 1310 2412 Euphorion
1334 2355 1380 2413 per

400 2424 476 2483 mille
497 2440 581 2478 anuos
603 2433 675 2476 tetro
700 2419 821 2487 oracula,
851 2439 912 2493 quae
934 2435 1059 2479 eventum
1083 2420 1112 2478 in
1139 2419 1182 2478 his
1198 2420 1266 2499 ipfis
1295 2424 1382 2482 aetari.

325 2555 337 2574 ,
399 2513 461 2582 bus,
479 2510 527 2567 suo
550 2506 677 2586 quodque
696 2520 830 2584 tempore,
854 2506 1022 2579 habuerant;
1040 2510 1166 2588 orsusque
1186 2513 1256 2570 adeo
1280 2513 1383 2580 librum

399 2616 457 2661 erat
479 2600 560 2660 circa.
577 2598 799 2673 Argonautarum
822 2596 1051 2675 navigationem).
1090 2600 1120 2658 Si
1140 2616 1228 2660 tamen
1253 2603 1329 2664 mille
1352 2605 1382 2666 bi

399 2689 464 2754 anni
491 2686 588 2767 quinto
611 2684 683 2744 libro
707 2701 806 2744 nomen
831 2689 949 2764 χιλιάδος
967 2690 1083 2771 declere:
1104 2692 1176 2750 unde
1198 2695 1290 2770 quaeso
1315 2714 1381 2773 qua-
1440 2681 1442 2686 ¹

366 2801 371 2808 ·
399 2796 463 2840 tnor
492 2774 581 2836 caeteri
611 2773 677 2832 libri
710 2772 764 2831 hoc
786 2773 860 2834 idem
885 2777 1022 2838 chiliadum
1045 2797 1144 2840 nomen
1168 2781 1308 2842 habuere?
1335 2802 1382 2847 aut

399 2869 480 2948 quale
501 2886 593 2925 earum
618 2877 806 2939 argumentum
831 2864 908 2925 fuisse
932 2866 1064 2937 dicemus,
1092 2871 1168 2947 quod
1190 2892 1206 2930 a
1227 2867 1384 2936 millenario

399 2976 514 3018 numero
529 2954 676 3035 quicquam
701 2953 839 3012 traheret?
859 2956 939 3015 Estne
955 2978 1036 3037 porro
1060 2959 1175 3020 sennoni
1198 2963 1252 3024 boc
1270 2966 1381 3024 consen-

398 3060 521 3113 taneum,
548 3041 659 3123 χιλιάδα
683 3041 811 3130 appellari
836 3045 948 3114 librum,
976 3046 1005 3105 in
1030 3069 1086 3127 quo
1109 3052 1218 3112 oracula
1241 3074 1382 3134 exponen.

400 3150 447 3197 tur
470 3156 518 3215 per
537 3134 612 3193 mille
634 3151 717 3189 annos
736 3132 771 3189 ad
792 3148 916 3192 eventum
940 3136 1088 3213 perducta-r
1108 3140 1209 3200 Saltem
1234 3144 1382 3206 dicendum

400 3242 471 3295 erat,
499 3222 630 3285 chiliadem
653 3243 774 3279 annorum
806 3241 904 3280 nornen
924 3222 1098 3302 suppeditaffe
1124 3228 1207 3300 libro,
1236 3248 1269 3292 ut
1291 3236 1386 3312 χιλιάι

399 3312 513 3373 inscribi
535 3311 629 3390 pollet.
683 3307 879 3369 Difficultateru
905 3312 986 3382 adeo,
1016 3336 1078 3394 quae
1103 3317 1137 3376 in·
1152 3318 1195 3378 hin
1223 3339 1294 3394 erat,
1327 3344 1383 3384 nou

400 3402 506 3464 sustulit
525 3403 569 3459 vir
590 3399 696 3466 doetus,
715 3398 760 3455 sed
783 3399 906 3476 reliquit.
946 3402 1038 3462 Verba
1061 3406 1153 3468 Suidae
1176 3411 1247 3471 adeo
1270 3434 1383 3494 corrup·

401 3507 443 3562 ta,
460 3509 488 3550 et
511 3491 580 3547 male
606 3490 697 3546 luxata
719 3486 790 3557 sunt,
817 3504 847 3546 nt
873 3491 944 3550 nihil
966 3506 1027 3552 tuto
1054 3515 1089 3554 ex
1114 3498 1149 3557 iis
1173 3502 1301 3581 colligar,
1332 3504 1383 3564 nin

400 3583 472 3643 forte
485 3573 537 3639 boe
557 3598 653 3644 unum,
674 3577 795 3652 χιλιάδας
815 3578 958 3658 inscriptos
977 3587 1027 3646 effe
1046 3585 1129 3650 libros
1150 3591 1281 3670 quinque,
1301 3615 1384 3674 prop.

402 3688 475 3732 terea
487 3668 562 3747 quod
583 3668 657 3725 mille
678 3671 740 3726 ἐπῶν
757 3684 844 3737 erant,
863 3669 891 3729 h.
913 3690 938 3729 e.
964 3674 1038 3732 mille
1060 3677 1175 3738 versibus
1193 3681 1293 3761 linguli
1317 3706 1385 3745 con·

402 3762 515 3821 stabant.
566 3756 650 3814 Nihil
674 3757 744 3815 adeo
771 3758 818 3826 est,
850 3759 926 3837 quod
952 3760 1096 3841 impediat,
1114 3766 1188 3827 idem
1213 3790 1283 3849 opus
1307 3772 1387 3834 suiss'a

403 3850 544 3919 Μιψοπίοιν
560 3861 589 3904 et
603 3846 740 3918 Ἄτακτα,
759 3864 787 3906 et
808 3851 932 3924 χιλιάδας
951 3855 1111 3931 appellatum
1127 3877 1136 3915 ἓ
1154 3858 1201 3918 sed
1218 3860 1291 3922 liber
1302 3865 1386 3945 quin·

403 3956 447 3997 tus
458 3939 514 4016 πιςὶ
526 3943 660 4015 χςιισμάιι,
668 3936 703 3996 de
715 3939 843 4006 oraculis,
855 3943 962 4020 agebat.
987 3946 1048 4003 Hos
1062 3950 1209 4029 collegerat
1220 3954 1386 4034 Euphorion

402 4030 528 4106 sequutus
552 4027 676 4103 exempla
700 4026 826 4097 aliorum,
854 4030 924 4090 inter
950 4054 1017 4111 quos
1044 4023 1230 4109 Philochorus,
1258 4045 1388 4106 Atthidie

402 4117 528 4198 scriptor,
548 4122 569 4175 ξι
582 4122 632 4173 τοῖς
644 4116 700 4192 περὶ
719 4127 842 4187 narraris
854 4120 873 4178 δ
886 4124 957 4200 apud
973 4123 1145 4187 Plutarchum
1158 4129 1194 4188 de
1207 4129 1289 4209 Pyth.
1298 4135 1387 4196 Orac.

402 4216 461 4273 To.
475 4213 512 4273 ll.
525 4211 598 4288 Opp.
612 4230 640 4286 p.
653 4228 708 4285 403
720 4208 754 4268 E.
1193 4269 1195 4274 .

329 4297 332 4302 ’
441 4305 505 4379 Jam
518 4301 593 4379 quod
613 4299 646 4356 ad
667 4297 779 4357 Gallum
801 4301 908 4371 attinet,
923 4324 956 4361 ex
975 4305 1037 4365 Eel.
1059 4307 1101 4377 X,
1117 4331 1154 4390 50
1171 4313 1319 4390 Chalq‘dico
1330 4343 1390 4398 qm

393 4399 458 4473 suut
483 4392 547 4450 mihi
573 4392 670 4449 condita
694 4394 781 4465 versu,
808 4406 839 4448 ut
874 4392 1006 4464 diximttS,
1036 4398 1213 4478 intelligitur,
1240 4424 1305 4465 eum
1332 4406 1406 4476 Ειι.Ι

385 4484 563 4562 ·pborionem
585 4479 792 4539 Chalcidenlem
819 4482 862 4541 seu
886 4484 970 4544 latine
998 4487 1153 4560 reddidisse,
1184 4491 1231 4553 seu
1264 4515 1397 4576 quocum

1341 4608 1397 4669 qlle
