3575 5509
516 720 521 734 ,
634 672 1142 748 EDITIONIBUS.
1254 702 1371 761 cxxxi

554 901 742 976 Editiones
759 903 864 1000 hujus
881 902 1001 975 saeculi
1018 901 1043 975 s.
1062 928 1095 974 a.
1113 902 1212 976 sunt:

432 1088 561 1150 Manuale
579 1090 873 1171 Vergilianum-lodoci
890 1090 970 1147 Rodii
979 1088 1087 1165 Ascerfii
1098 1096 1277 1166 sententiarum
1288 1094 1378 1153 diluci-

393 1180 622 1239 dationeioorrato
1134 1178 1190 1235 obl.
1205 1183 1232 1237 8.
1244 1178 1265 1238 s.
1278 1183 1298 1240 l.
1310 1196 1377 1245 eta.

436 1259 526 1326 Totui
537 1267 633 1326 titulus
646 1265 732 1324 libelli
744 1264 874 1343 expressus
883 1268 941 1343 jam
954 1264 984 1323 in
996 1265 1086 1324 Catal.
1110 1265 1141 1323 B.
1155 1266 1192 1324 R.
1205 1268 1285 1327 Paris.
1300 1270 1378 1333 Poes.

398 1373 427 1412 n.
452 1357 518 1415 821.
560 1347 688 1414 Prael'a'toa
705 1354 813 1414 Ludon.
837 1354 1020 1431 Hohenwang
1047 1355 1240 1434 Elchingenlis.
1259 1358 1379 1419 Charac-
1482 1402 1484 1406 -

397 1457 437 1498 rer
447 1443 600 1503 litterarum
611 1445 647 1502 est
657 1443 833 1521 neogothicus
844 1458 871 1501 et
884 1444 1014 1521 ingratus.
1060 1456 1063 1462 ’

437 1532 521 1591 Editio
534 1532 716 1592 Colinaeonas.
736 1552 762 1590 a.
782 1532 811 1589 in
827 1530 897 1590 Bibl.
920 1532 990 1610 Reg.
1005 1530 1088 1588 Paris.
1103 1552 1131 1588 n.
1146 1535 1200 1592 828
1213 1549 1241 1592 et
1252 1535 1281 1593 in
1292 1536 1379 1600 Bibli-

397 1619 459 1676 oth.
482 1619 578 1679 Smith.
594 1642 656 1699 pag.
672 1620 725 1686 DI,
745 1623 857 1697 quama
878 1620 1036 1677 Maittairio
1057 1620 1086 1676 in
1109 1620 1181 1679 Hist.
1202 1624 1380 1702 Typograph.

403 1713 487 1773 Paris.
501 1729 618 1773 notatam
637 1735 692 1773 non
704 1715 804 1782 vide03
823 1727 851 1770 at
870 1713 901 1771 in
915 1714 1016 1772 Annal.
1037 1714 1075 1771 T.
1091 1712 1147 1783 ΙΙΙ,
1165 1735 1194 1793 p.
1210 1724 1275 1792 318.
1287 1718 1325 1776 T.
1339 1718 1380 1784 ΙΙ,

397 1824 429 1881 p.
442 1825 494 1879 401
511 1806 588 1864 deca
602 1807 671 1883 agit.
735 1841 737 1846 <

435 1894 519 1952 Editio
531 1898 611 1952 Hrnr.
625 1893 748 1970 Stephani
754 1897 866 1968 primaſs
876 1914 903 1951 a.
916 1890 960 1947 led
973 1892 1008 1947 ad
1024 1911 1093 1969 1577
1108 1891 1255 1952 referenda.

435 1983 470 2039 P.
486 1983 518 2039 V.
543 1984 586 2040 M.
612 1986 673 2039 Bur.
695 1998 719 2037 et
744 1982 934 2060 Georgicorum
955 1984 1094 2037 Commenta
1101 1982 1245 2057 familiari.
1270 1984 1380 2055 (Herm.

397 2069 573 2144 Torrentini)
588 2068 672 2125 Paris.
685 2069 806 2145 imprella
816 2088 863 2143 per
876 2065 994 2124 Felice-m
1006 2068 1153 2145 Ballignult
1278 2069 1298 2127 s.
1311 2091 1336 2127 a.
1350 2089 1380 2143 4.

440 2158 574 2215 Biblioth.
590 2159 695 2216 Bunau.
735 2157 772 2214 T.
787 2156 812 2225 1,
830 2174 894 2233 pag.
911 2174 975 2229 302.
1015 2154 1108 2212 Etiam
1121 2155 1150 2213 in
1163 2156 1294 2215 Biblioth.
1307 2158 1383 2215 Hul-

402 2244 474 2302 fiana
486 2261 515 2303 et
529 2246 590 2303 aliis
602 2245 709 2303 laudari
721 2245 822 2304 videas.

341 2372 343 2376 ·
442 2336 606 2411 Ea'r'tionemſs
631 2334 652 2391 l.
676 2351 701 2391 et
717 2359 745 2391 α.
758 2357 812 2391 curn
824 2332 889 2390 Aldi
903 2330 1019 2390 Munatii
1035 2333 1143 2409 epssola‚
1163 2331 1262 2391 Italico
1272 2334 1383 2394 charac-

402 2435 470 2492 tere,
489 2422 594 2481 viderat
608 2421 778 2480 Maittairius
792 2422 891 2479 Annal.
907 2421 1030 2498 Typogr.
1045 2420 1081 2477 T.
1093 2420 1132 2485 Il,
1143 2439 1206 2499 pag.
1224 2442 1289 2499 149,
1301 2444 1383 2502 quam

400 2531 418 2568 a
439 2512 529 2570 Barth.
559 2513 643 2580 Troe,
664 2510 836 2589 Lugdunenli
854 2509 1036 2586 typographo,
1053 2508 1178 2567 excusam
1196 2511 1247 2568 elle
1261 2513 1384 2589 putabar.
1446 2524 1449 2530 '

405 2597 501 2657 Habui
518 2620 577 2657 eam
594 2599 709 2679 posthac
729 2600 758 2656 in
772 2596 896 2655 manibus
914 2597 1027 2673 vidique
1040 2617 1074 2655 ex
1088 2599 1154 2656 Ald.
1169 2616 1210 2675 pr.
1233 2601 1381 2677 expressam

405 2706 438 2743 ac
451 2687 647 2764 repetitameffe
658 2707 706 2744 nec
719 2705 769 2764 pro
787 2687 880 2743 eadem
895 2684 1045 2742 habendam
1055 2710 1064 2755 3
1084 2686 1123 2742 ita
1133 2707 1161 2744 v.
1186 2706 1214 2744 c.
1234 2708 1263 2765 p.
1283 2687 1310 2757 1,
1329 2688 1382 2747 lin.

405 2789 476 2832 extr.
496 2776 584 2833 Mulier
596 2800 637 2853 ego
648 2790 798 2831 exaratum.

442 2864 567 2934 AEneidoe
578 2862 639 2921 libri
651 2865 679 2923 V
677 2864 695 2921 I
706 2863 761 2920 fine
775 2862 868 2929 titulo,
887 2883 917 2939 4.
937 2875 1119 2919 memorantur
1130 2861 1286 2919 Maittairio
1297 2862 1327 2921 in
1338 2863 1385 2921 In·

405 2950 469 3008 dice
481 2952 582 3011 Annal.
595 2972 623 3028 p.
640 2971 654 3025 3
659 2972 709 3026 31.-

444 3040 528 3097 Culex
539 3061 594 3097 cum
605 3039 663 3095 aliis
676 3039 696 3098 s.
711 3058 737 3096 a.
753 3040 779 3095 8.
795 3038 860 3113 maj.

443 3130 546 3205 Georgii
555 3128 727 3185 Alexandrini
737 3125 871 3198 (Merulael
886 3128 1073 3185 Emendationes
1089 3131 1118 3181 in
1130 3124 1244 3182 Plinium
1254 3140 1279 3180 et
1300 3123 1327 3178 V
1324 3133 1386 3201 irgi-

405 3216 485 3274 lium:
505 3214 629 3291 subjeliae
641 3216 697 3290 ejus
708 3214 737 3270 in
752 3213 865 3272 Librum
876 3214 911 3272 de
931 3214 1051 3271 Homine
1068 3212 1182 3272 Galeoti
1201 3213 1286 3292 Oper.
1308 3232 1338 3289 4.
1364 3212 1386 3272 s.

405 3323 432 3365 a.
445 3303 474 3361 in
487 3302 593 3370 Goizii
606 3301 846 3363 BibliotheDresd.
867 3303 905 3361 T.
919 3302 959 3370 11,
977 3322 1006 3379 p.
1020 3322 1086 3379 ²07·

711 3502 1068 3525 m

710 3525 1065 3549 Ρ-μ--φοῄ

448 3678 481 3738 P·
499 3680 531 3736 V.
545 3682 585 3737 M.
601 3683 688 3757 Opera
700 3704 754 3738 cerm
766 3679 898 3756 Erytlrraei
907 3672 994 3738 indice.
1031 3679 1196 3737 Commelin.
1258 3683 1284 3736 8.
1305 3684 1387 3740 1601.

453 3770 633 3840 (inveneris,
653 3770 752 3827 omilin
766 3784 854 3827 tamen
874 3767 1008 3841 Erythrai
1027 3768 1115 3837 Obsi.)
1155 3767 1200 3824 Est
1213 3767 1295 3825 etiam
1312 3770 1341 3827 h.
1363 3790 1388 3828 a.

412 3854 574 3915 Genevensrs
586 3878 612 3916 c.
627 3878 654 3915 n.
671 3857 760 3915 Paulli
772 3856 893 3913 Manutii
906 3872 933 3913 et
945 3857 1000 3913 Ge.
1014 3854 1140 3915 Fabricii.

448 3948 556 4024 Operum
565 3946 608 4005 Cl.
623 3947 653 4004 V.
666 3948 790 4003 lllieodemi
802 3944 826 3999 F
826 3943 1040 4021 rychlr'mssPors
1044 3944 1248 4022 paraphrastica,
1261 3968 1311 4023 qua
1327 3962 1390 4003 cont.

413 4038 448 4094 P.
478 4037 510 4092 V.
534 4036 577 4092 M.
603 4036 719 4093 Bucolica
735 4056 768 4090 ex
788 4033 879 4090 Plauto
896 4047 921 4089 et
941 4032 1064 4101 Terentio,
1085 4034 1207 4112 Georgica
1231 4057 1263 4089 ex
1286 4034 1392 4099 Catone,

417 4127 540 4190 Varrone,
562 4122 703 4181 Columella
722 4139 747 4178 et
770 4122 864 4187 Plinio,
883 4122 1000 4179 AEneidos
1017 4120 1079 4182 libri
1088 4125 1133 4179 duo
1140 4131 1234 4198 priores
1253 4144 1285 4176 ex
1305 4120 1393 4185 Livio,

416 4211 518 4284 Caesare
530 4228 553 4267 er
567 4212 683 4269 Cicerone
703 4226 756 4267 etc.
779 4207 835 4269 Frf.
856 4210 891 4267 ad
905 4210 948 4268 M.
962 4210 1032 4287 typis
1044 4224 1072 4267 et
1090 4210 1171 4270 sumt.
1187 4208 1234 4282 Jo.
1248 4204 1351 4282 Spieffii
1363 4221 1393 4264 et
1454 4216 1458 4225 ’

414 4298 544 4355 heredum
558 4298 640 4356 Rom.
655 4299 730 4355 Beati
1037 4296 1040 4303 '
1262 4295 1289 4349 8.
1309 4296 1391 4352 1602.

454 4386 530 4443 Idem
544 4386 649 4444 libellus
657 4389 714 4463 jam
731 4388 804 4464 1580
816 4386 959 4464 expressus,
979 4399 1074 4461 praeter
1086 4380 1255 4464 paraphrasin
1266 4380 1296 4438 in
1312 4380 1364 4439 lib.
1379 4383 1394 4440 I
1491 4451 1496 4462 .

414 4489 443 4536 et
457 4474 484 4532 11
498 4472 633 4549 AEneidis,
653 4495 711 4553 quar
723 4494 795 4532 nunc
808 4474 925 4552 primum
941 4474 1056 4540 accellit.

757 4609 773 4672 ς
1252 4568 1395 4647 ,Μ’-,Μ
