3575 5509
485 579 627 725 trxxin
701 580 819 719 Tra.
862 632 952 718 CL.
990 626 1245 717 DONATl

423 854 462 921 4⁶1
480 846 556 918 licet,
581 857 707 926 quartum
732 857 760 903 et
792 844 908 903 sextum.
938 881 941 887 -
974 842 1029 901 Sed
1051 842 1125 900 hanc
1156 834 1294 920 praecipue
1321 838 1359 899 ob
1383 827 1473 902 (lilia

478 938 573 998 viam:
612 958 685 1016 quae,
709 957 773 995 cam
793 934 948 994 recitationi
968 934 1113 1001 intereffe't,
1142 934 1179 992 ad
1197 934 1260 993 illos
1281 934 1317 992 de
1336 932 1397 993 filio
1421 934 1472 993 suo

477 1030 579 1097 versus,
604 1031 647 1087 ‘Ta
671 1026 811 1087 Marcellus
830 1036 888 1093 eris,
918 1024 1044 1084 defeciffe
1066 1024 1169 1083 fertur:
1210 1039 1291 1103 atque
1303 1038 1375 1102 aegr'e
1397 1025 1472 1084 refo-

378 1167 383 1210 Ι
477 1119 582 1189 cillata,
608 1121 678 1178 dena
699 1118 816 1176 sestertia
839 1136 890 1194 pro
917 1115 1021 1194 {ingnio
1052 1116 1128 1173 versu
1153 1114 1277 1195 Virgilio
1301 1114 1362 1173 dari
1383 1116 1486 1198 junio,

420 1212 459 1287 48
481 1211 621 1269 Recitavit
646 1224 674 1279 et
690 1208 833 1288 pluribus3
868 1207 915 1264 sed
941 1226 1027 1284 neque
1050 1206 1215 1283 frequenter,
1244 1220 1272 1263 et
1297 1206 1381 1265 ferme
1409 1206 1472 1277 illa,

421 1323 461 1382 49
479 1304 515 1361 de
538 1303 637 1382 quibus
658 1301 826 1379 ambigebat,
861 1319 917 1376 quo
935 1299 1028 1375 magis
1050 1297 1189 1374 judicium
1219 1296 1360 1356 hominum
1387 1318 1471 1379 expe·

478 1393 588 1456 ritetur.
638 1394 762 1459 Erotem,
788 1391 937 1449 librarium·
971 1406 999 1447 et
1030 1390 1159 1447 libertum
1181 1389 1250 1466 ejus,
1279 1392 1380 1449 exadiae
1410 1392 1470 1468 jam

478 1483 630 1553 senectutis,
649 1485 760 1542 tradunt
772 1482 870 1541 referre
885 1474 1006 1549 solitum,
1027 1479 1167 1565 quondam
1192 1473 1222 1539 in
1242 1480 1382 1540 recitando
1406 1501 1470 1543 eum

477 1573 548 1631 duos
559 1572 717 1631 dimidiatos
731 1570 820 1630 versus
833 1569 973 1648 compleffe
987 1587 1021 1626 ex
1033 1565 1171 1647 tempore:
1194 1581 1222 1627 et
1254 1567 1320 1627 huic
1344 1570 1471 1648 Misenum

479 1660 623 1730 AEolidem,
644 1658 778 1736 adjeciffe,
803 1683 848 1738 qua
862 1684 909 1717 non
917 1658 1176 1735 prestantaaralter:
1209 1656 1276 1716 item
1301 1658 1380 1728 huic,
1404 1661 1471 1719 AEre

478 1760 632 1819 careoiras,
654 1749 734 1808 fimili
755 1751 845 1808 calore
865 1751 985 1808 adiutum
1002 1747 1175 1826 subjunxisse.
1204 1750 1366 1830 Martemque
1385 1775 1471 1812 accen⁴

478 1848 644 1904 derecantn:
677 1840 818 1920 statimque
837 1841 887 1900 fibi
897 1841 1047 1920 imperalia,
1066 1856 1096 1900 ut
1116 1855 1260 1922 utrumque
1272 1842 1408 1901 volumini
1421 1844 1470 1902 ad.

422 2061 462 2122 50
480 1935 772 2104 scrlillelrlet·‚allucolica
791 2020 985 2107 Georgicaque
1007 2023 1169 2088 emendavit.
1210 2029 1295 2089 Anno
1307 2048 1371 2087 vero
1389 2028 1470 2107 quin·

422 2156 457 2216 51
479 2124 633 2203 quagefimo
646 2121 775 2191 secundo,
796 2135 826 2179 ut
840 2122 966 2179 ultimam
986 2141 1095 2179 manum
1108 2120 1221 2181 AEneidi
1236 2121 1401 2200 imponeret,
1420 2122 1468 2180 sta*
1542 2145 1544 2150 ·

478 2214 534 2271 tuit
565 2212 597 2270 in
617 2210 755 2269 Graeciam
779 2225 807 2268 et
832 2212 925 2269 Asiam
954 2210 1086 2280 secedere,
1131 2209 1305 2289 triennioque
1338 2210 1469 2269 continuo

467 2315 587 2364 ,omnetn
601 2324 709 2383 operam
723 2302 860 2360 limationi
872 2303 948 2371 dare,
968 2318 999 2360 ut
1022 2305 1126 2384 reliqua
1145 2306 1203 2362 vita
1223 2319 1327 2363 tanturn
1350 2303 1470 2380 philolo·

478 2394 549 2473 phiae
560 2408 676 2451 vacaret.
717 2391 781 2459 Sed,
805 2412 867 2450 cum
881 2392 1013 2470 aggreffns
1026 2392 1088 2463 iter,
1113 2392 1397 2462 Athenieoccurriffet
1409 2393 1472 2451 Au·

478 2482 567 2559 gusto,
586 2480 621 2537 ab
646 2480 763 2537 Oriente
785 2477 901 2536 Romam
915 2480 1070 2549 revertenti,
1094 2502 1147 2539 una
1164 2502 1228 2539 cum
1247 2480 1351 2538 Caesare
1375 2479 1467 2538 redire

478 2568 581 2627 statuit.
623 2567 757 2625 Aecum
781 2564 908 2644 Megara,
930 2566 1053 2625 vicinum
1067 2569 1184 2627 Athenis
1201 2568 1344 2648 oppidum,
1363 2565 1470 2628 visendi
1525 2573 1527 2580 '

478 2658 567 2737 gratia
586 2670 700 2735 peteret,
723 2656 883 2734 languorem
897 2659 989 2715 nalius
1011 2660 1067 2730 est:
1102 2679 1182 2737 quem
1195 2679 1250 2717 non
1263 2658 1411 2737 intermiffa
1423 2680 1471 2725 na,

382 2806 389 2819 ,
478 2749 583 2827 rigatio
595 2748 683 2817 auxit,
704 2748 743 2805 ita
762 2764 803 2816 ut,
828 2747 940 2826 gravior
965 2750 1064 2819 indies,
1094 2752 1204 2809 tandem
1226 2750 1398 2808 Brundisium
1419 2752 1470 2812 ad.

474 2840 611 2916 tentarit:
637 2840 685 2898 ubi
696 2840 792 2900 diebus
804 2841 898 2918 paucis
911 2841 995 2912 obiit,
1013 2842 1122 2901 decimo
1133 2842 1199 2903 Kal.
1217 2842 1333 2903 Octobr.
1347 2842 1385 2902 C.
1402 2842 1471 2905 Sen-

476 2932 531 3001 tio,
550 2930 837 3013 QLucretioCoffi‘
1181 2921 1190 2931 ’
1340 2929 1343 2939 '

512 3108 533 3171 i.
551 3124 592 3170 47.
610 3108 633 3156 ab
653 3110 775 3157 Offavian.
809 3107 867 3171 Ejus
886 3105 950 3154 filius
970 3158 972 3164 ,
998 3108 1119 3157 Convenit
1140 3125 1200 3158 cum
1218 3108 1336 3159 sententia
1355 3103 1471 3159 versuum

478 3173 792 3223 M.Marcelluaimmatura
800 3172 951 3219 morteobie-
996 3174 1214 3237 pulcherrimorum
1234 3178 1279 3224 Ge.
1302 3178 1332 3235 ll,
1351 3188 1399 3236 475
1415 3175 1468 3239 sqq.

477 3246 560 3286 rat¹a.
578 3241 611 3286 U.
633 3239 662 3286 C.
682 3251 737 3314 731.
763 3254 788 3285 v.
811 3238 897 3284 Vitam
919 3237 950 3284 ad
996 3241 1470 3306 Meveroprinnmdalcerantaanniadia·

480 3302 507 3351 h.
518 3318 538 3350 a.
553 3341 555 3343 -
990 3307 1025 3373 sa
1034 3309 1140 3370 accipiant
1151 3306 1197 3354 &ct
1477 3330 1480 3334 ·

510 3366 662 3432 denajastertia
682 3365 741 3414 801.
757 3365 818 3423 141¹.
836 3366 885 3427 7d.
901 3364 949 3413 slve
1028 3371 1125 3437 Augusta
1143 3372 1256 3429 abaram
1266 3374 1297 3420 R.
1307 3375 1425 3421 revertent
1440 3385 1470 3420 ex

479 3430 730 3489 circa484thaleroa3
757 3432 835 3476 XXV
853 3431 951 3488 Versus,
996 3433 1091 3493 itinere,
1106 3438 1172 3501 quod
1190 3452 1204 3484 e
1223 3436 1303 3484 sicilia
1322 3452 1367 3500 per
1385 3436 1469 3485 Afiam

478 3507 516 3544 tot
539 3497 605 3557 eninr
626 3497 655 3543 de
675 3494 795 3541 Marcello
818 3508 901 3558 agunt,
918 3497 949 3543 ad
996 3509 1020 3545 et
1033 3500 1470 3553 Graciamfecerat.vid.iaf.vitam

478 3573 543 3609 2100
562 3560 578 3607 l.
598 3559 643 3607 hot
661 3558 694 3608 est
711 3559 741 3607 ad
755 3559 835 3609 12600
850 3560 949 3607 thaleris
996 3564 1026 3611 ad
1038 3579 1176 3627 732—734.
1230 3556 1236 3569 ⁸

477 3624 707 3676 aestimatiiuerunt.
740 3624 816 3687 Apud
834 3627 901 3672 Serv.
918 3626 949 3672 ad
1029 3632 1173 3695 Brundfinn.
1207 3630 1344 3680 Tarentum
1362 3629 1405 3678 alii
1418 3645 1469 3680 me·

475 3690 584 3747 V1,862
607 3696 622 3720 “
634 3691 665 3737 Et
683 3689 773 3737 constat
784 3689 847 3737 hunc
859 3690 948 3739 librum
996 3709 1103 3744 morant.
1151 3699 1240 3746 Tarenti
1260 3697 1352 3761 Apulia
1371 3699 1470 3754 civiate,
1483 3687 1488 3701 ³

474 3760 491 3784 ‘·
503 3765 570 3802 tanta
586 3754 782 3818 pronuntiatione
796 3755 905 3819 Augusto
924 3767 949 3804 et
996 3760 1047 3807 dan
1075 3763 1223 3829 Metapontum
1245 3764 1320 3809 videre
1341 3765 1409 3827 capit,
1429 3761 1470 3830 sen

478 3825 492 3852 ⁴¹
505 3818 676 3867 oetaviae‘effe
693 3820 829 3877 recitatum,
845 3833 872 3868 ut
890 3820 950 3868 fletu
997 3825 1114 3891 Brundisi,
1128 3830 1182 3876 dnm
1199 3827 1317 3891 Megaran
1333 3828 1410 3875 videre
1428 3845 1470 3875 vo-

386 3932 391 3940 ,
476 3889 493 3913 ‘⁸
505 3884 582 3932 nimio
593 3886 739 3948 imperarent
759 3885 888 3944 silentium,
904 3885 948 3934 nili
996 3892 1063 3956 lasset
1084 3891 1161 3955 (vides
1182 3890 1405 3939 Grammaticorum
1429 3889 1470 3940 seu

476 3948 625 4012 “Virgilius
635 3948 708 3997 finem
720 3949 765 3997 elic
781 3950 889 4009 dixissen
907 3950 948 4013 qui
996 3956 1177 4005 Monachorum
1188 3954 1225 4004 im·
1241 3955 1346 4015 critiam,
1352 3956 1471 4004 dumDo-

419 4040 422 4046 ·
477 4014 906 4078 “prohocaeregravidonatusest‚
923 4016 948 4063 id
995 4031 1081 4067 natum
1104 4033 1159 4071 ante
1179 3971 1261 4069 oculos
1282 4020 1374 4069 habent
1394 4021 1415 4084 ἦ.
1425 4018 1470 4084 51)

473 4077 537 4154 “eil
548 4077 628 4136 miffis,
642 4078 705 4153 ἄεξ’
735 4080 947 4129 UltimaeGram·
996 4086 1213 4149 quorundamjudicio
1231 4086 1374 4135 invalitudine
1388 4085 1471 4155 exsolt't

475 4144 559 4193 matrci
570 4159 632 4208 penu
645 4143 725 4190 addita
736 4144 797 4192 sunt.
994 4152 1070 4198 andare
1080 4158 1204 4201 annana.-
1220 4150 1279 4199 Vita
1289 4150 1391 4215 Virgilii
1408 4165 1471 4215 ρη-
1534 4189 1538 4198 .

491 4210 579 4273 ,9.49.
595 4207 787 4276 versurcampleffe.
805 4209 885 4257 Etiam
901 4207 947 4257 hoc
995 4215 1064 4263 miffa
1081 4217 1148 4265 Edit.
1162 4221 1223 4264 Ven·
1239 4229 1311 4276 1472,
1327 4230 1382 4279 quae
1402 4215 1470 4264 dein·

476 4273 747 4323 Grammaticiacumen
764 4274 852 4337 prodit.
885 4279 947 4323 Ver·
995 4295 1050 4344 ceps
1059 4280 1085 4327 in
1104 4281 1149 4329 Ed.
1162 4279 1270 4329 Danielis
1281 4280 1366 4329 Servio
1383 4279 1473 4330 tarini·

476 4338 516 4387 sur
525 4338 580 4386 sunt
590 4338 649 4385 AEn.
662 4336 771 4395 V1,164.
790 4338 819 4386 16
820 4352 846 4400 5,
861 4338 903 4387 ubi
914 4339 945 4387 cf.
995 4355 1042 4392 tur.
1076 4346 1154 4410 lnepti
1165 4346 1326 4394 commatici
1338 4345 1427 4394 lacinia
1435 4343 1471 4394 est

477 4404 544 4451 Serv.
994 4409 1020 4456 in
1032 4412 1098 4458 Serv.
1111 4412 1211 4459 adAEn.
1224 4412 1324 4474 11,197,
1339 4408 1471 4475 quana·-

509 4467 530 4532 ἦ.
541 4480 581 4532 5¹·
598 4481 679 4517 tantun
697 4467 832 4537 philosophie
847 4483 948 4521 vacaret.
995 4472 1077 4524 saliam
1084 4475 1166 4526 adiiffe
1178 4479 1249 4525 Maro
1258 4486 1382 4525 narratur.

1379 4589 1384 4597 .
1396 4539 1417 4613 §f
1427 4552 1471 4602 sn.
