3575 5509
475 647 583 781 eun
745 667 1149 747 narratura
1326 672 1336 688 ·

557 929 558 934 a
705 868 1122 943 nusrnuurus
1163 808 1213 946 x.

469 1021 638 1120 Qisquis
649 1044 695 1106 ee,
704 1022 855 1092 extremi
867 1020 1013 1092 titulum
1026 1022 1103 1117 lege
1113 1023 1295 1111 carminis,
1306 1024 1449 1125 hospes.
1500 1117 1504 1127 1

516 1142 598 1215 Hae
616 1168 683 1239 ego
700 1144 870 1241 Virgilius
887 1143 963 1215 sum
982 1146 1174 1217 tumulatus
1186 1147 1323 1231 humo;

363 1291 368 1313 ·
467 1266 544 1367 Qui
559 1268 739 1364 pecudum
751 1271 892 1364 pariter,
911 1269 972 1362 qui
989 1270 1129 1340 cultum
1142 1270 1268 1341 fertilis
1285 1274 1374 1367 agri,

517 1392 614 1464 Mox
630 1390 858 1463 Anchisiadae
872 1391 966 1497 bella
982 1392 1083 1464 ducis
1095 1393 1222 1465 cecini.

668 1591 1223 1693 eonenrnnosxn

464 1742 622 1841 Vngilio
637 1748 727 1821 mihi
744 1772 874 1821 nornen
891 1767 975 1834 erat,
991 1771 1101 1843 quem
1119 1746 1269 1817 Mantua
1284 1743 1369 1818 felix

515 1871 654 1942 Edidit.
704 1870 780 1942 Hic
799 1870 932 1942 cineres
950 1846 1038 1941 'vatis
1052 1851 1172 1940 et'olla
1181 1866 1312 1965 jacent.
1464 1949 1466 1951 v

465 1996 580 2093 Cujus
594 1999 632 2069 in
648 2015 821 2069 aeternum
836 1997 988 2093 pastoria
1004 1997 1118 2069 fistula
1129 1996 1249 2078 vivet;

516 2145 671 2236 Rustica,
687 2174 772 2221 mox
785 2150 910 2223 eadem
927 2148 1071 2235 Martia,
1088 2145 1263 2243 Calliope.

643 2303 1240 2454 .Mnxrnrnnusxu.

467 2480 635 2558 Carmine
649 2487 816 2560 bucolico
831 2470 944 2571 nitul;
970 2488 1164 2561 cultoribus
1180 2488 1255 2587 agri
1321 2584 1324 2589 Ι

515 2608 601 2700 Jura
616 2609 713 2683 dedi.
764 2610 887 2682 Cecini
900 2595 993 2681 bella
1011 2610 1137 2682 latina
1151 2608 1267 2682 fimul.
1357 2642 1359 2653 ·

465 2735 616 2831 Jamque
632 2734 676 2806 ad
691 2734 796 2807 lustra
810 2734 935 2807 decem
955 2734 1063 2816 Titan
1079 2733 1264 2818 access'erat
1280 2733 1378 2827 alter,

515 2858 612 2931 Cum
626 2858 692 2931 tibi
708 2882 765 2932 me
781 2860 909 2960 rapuit,
927 2858 1090 2946 Mantua,
1108 2856 1341 2953 Parthenope.

878 3135 1030 3216 XVIII.

464 3326 545 3398 Item
559 3345 624 3421 per
635 3326 764 3417 disticha
778 3328 948 3411 eorttndem,
971 3327 1014 3395 ib.
1032 3342 1083 3419 ep.
1105 3331 1184 3420 198,
1203 3349 1242 3404 ex
1257 3298 1442 3424 argulnenlo

712 3558 713 3563 γ
768 3453 942 3547 Wrgiliani
956 3448 1100 3551 assiahi:

513 3634 654 3707 Mantua
670 3655 717 3700 me
727 3632 838 3723 genuit
846 3662 856 3711 ;
884 3628 1015 3706 Calabri
1028 3644 1175 3722 rapuere3
1207 3642 1291 3698 tenet
1311 3652 1395 3700 nunc

605 3752 806 3848 Parthenope
813 3787 824 3835 ς
850 3756 948 3824 cecini
953 3754 1083 3852 pascua,
1095 3774 1182 3836 rura,
1197 3753 1300 3823 duces„

683 3952 1160 4029 ASCLEPIADIUS
1196 3957 1229 4024 Ι.
1354 3969 1356 3976 ·

465 4105 629 4202 Tityron,
638 4128 679 4177 ac
689 4103 822 4203 segetes
830 4105 945 4177 cecini
958 4104 1074 4193 Maro,
1085 4120 1120 4175 et
1130 4124 1229 4173 anna
1241 4100 1443 4195 virumque.

512 4231 664 4305 Mantua
678 4254 736 4305 me
750 4228 886 4329 genuit,
905 4229 1126 4324 Parthenope
1141 4224 1276 4322 sepelit.

1014 4362 1443 4506 EUSTHENIUS¹
