3575 5509
442 717 515 808 aaa
573 708 615 783 a.
652 665 961 782 ulnarum·
989 700 1301 784 *MARON1S

444 890 540 965 Rura
555 870 647 963 mihi
659 907 695 972 et
706 890 810 987 rigui
817 888 982 985 placeant
993 888 1029 959 in
1039 888 1193 961 vallibus
1204 914 1341 973 amnes;
1354 896 1424 988 485

442 1030 609 1110 Flumina
624 1050 745 1100 amem
758 1025 928 1121 siluasque
938 1026 1126 1132 inglorius.
1160 1026 1207 1114 Ο,
1217 1028 1279 1100 obi
1295 1030 1429 1125 campi,

440 1166 723 1263 Spercheosque,
730 1184 772 1238 'et
788 1166 989 1264 virginibus
1006 1167 1179 1243 bacchata
1194 1168 1356 1241 Lacaenis

471 1370 506 1430 '48
507 1384 532 1432 5.
548 1375 610 1437 re'gu'ai
619 1366 690 1419 Roin
701 1368 905 1432 Pierii.--486.
925 1374 943 1421 0
959 1376 994 1422 usi
1012 1375 1088 1441 sinape
1098 1377 1238 1441 conjeciura
1249 1374 1357 1441 plurium
1368 1374 1426 1423 tioc-

440 1458 525 1500 mmm
536 1448 819 1523 yirontmapud‘Butm.,
834 1460 858 1511 at
868 1466 897 1509 ea
912 1465 934 1514 y.
948 1452 998 1516 469
1012 1453 1065 1517 jam
1075 1465 1218 1522 memorata,
1231 1464 1258 1514 et
1276 1452 1325 1500 vid.
1342 1454 1426 1514 Notae.

441 1524 563 1585 f-487.
581 1526 723 1589 Spercheosque
742 1524 836 1573 dicium
857 1536 884 1574 ut
902 1528 1007 1588 Ἀλφιιός,
1026 1530 1144 1592 Alpheus,
1164 1531 1256 1586 navaie,
1275 1532 1378 1590 Peneus,
1394 1528 1426 1576 fic

442 1604 567 1670 -ἳπιςχιιὲς,
583 1600 719 1667 Spercheua.
741 1602 864 1651 'Heinsius
881 1604 997 1669 reposuit,
1017 1620 1030 1654 e
1050 1604 1175 1665 Medice03
1191 1607 1216 1654 in
1237 1618 1341 1670 quatuor
1361 1607 1428 1669 Sper·

439 1681 506 1734 ‚ebena
541 1677 592 1725 Alii
601 1679 747 1742 Sperchiosqae,
761 1678 866 1742 Sperchias
877 1690 905 1738 et,
916 1681 1069 1747 Sperabitasqua
1078 1681 1124 1730 hoc
1135 1682 1234 1749 quidem
1243 1683 1268 1730 in
1276 1680 1360 1748 vulgg.
1371 1681 1426 1729 edd.

441 1770 468 1804 tr.
480 1753 562 1814 Heius
570 1752 595 1804 h.
605 1752 622 1803 l.
631 1764 658 1804 et
668 1753 700 1803 ad
707 1752 778 1803 ovio
790 1754 852 1805 met.
863 1756 883 1815 1,
889 1749 949 1824 57'9.

440 1945 606 2027 sanguinem
616 1955 685 2007 er'rca
696 1949 839 2025 praecordia
855 1966 912 2005 me·
959 1967 1043 2027 quatu
1058 1949 1152 2007 vellem
1166 1948 1222 2021 ruri
1234 1948 1320 2010 vitam
1330 1946 1429 2026 agere!

440 2039 544 2094 motat,
576 2045 610 2083 ex
639 2023 752 2103 antiqua
780 2026 913 2084 Italorum
960 2026 989 2083 T
989 2045 1113 2103 amquam
1125 2032 1209 2117 poeta
1218 2024 1354 2092 nobiliora
1368 2044 1431 2081 rura

444 2102 619 2184 philosophia
640 2102 755 2179 petitum
765 2100 912 2181 videripo·
960 2119 1103 2171 memorat,
1123 2123 1153 2160 ru
1167 2102 1320 2174 Thessalia,
1340 2100 1430 2157 Laco·

444 2185 526 2249 ierat,
544 2182 575 2238 in
588 2198 642 2258 qua
648 2182 801 2257 praemrdia,
815 2185 912 2257 ogivae,
959 2180 1039 2249 nicae,
1049 2199 1080 2238 ac
1093 2180 1221 2238 Thraciae
1229 2178 1340 2255 campis.
1352 2178 1428 2236 cons.

441 2257 589 2335 agnellae,
622 2257 711 2315 sedem
744 2268 799 2315 non
830 2258 914 2317 modo
961 2257 1088 2317 Culicem
1108 2278 1136 2317 v.
1162 2276 1212 2335 93,
1231 2258 1261 2314 in
1281 2274 1337 2332 quo
1355 2256 1428 2331 quast

444 2350 569 2394 motuum
583 2332 685 2410 animi,
699 2334 745 2391 sed
760 2348 788 2391 et
804 2335 914 2405 mentis,
960 2334 1063 2392 semina
1094 2349 1141 2391 aut
1170 2333 1323 2391 rudimenta
1350 2332 1429 2408 hujus

443 2411 591 2470 faciebant.
620 2412 677 2469 vid.
710 2409 812 2483 Cicero
841 2412 913 2469 ibid.
961 2411 1136 2491 pulcherrimi
1144 2405 1204 2470 'loci
1218 2411 1319 2467 videas.
1350 2411 1432 2468 Ouba‘

444 2487 533 2558 Sedet
543 2490 595 2545 hoc
604 2488 692 2565 ipsum
704 2487 915 2564 Empedocseurn
962 2507 1019 2546 aon
1031 2487 1125 2567 itaque
1142 2490 1190 2554 est,
1210 2503 1240 2547 ut
1253 2489 1330 2546 situm
1351 2490 1428 2545 loco-

443 2566 495 2633 «ΙΙ,
522 2566 599 2640 cujus
621 2566 711 2621 uersus
736 2566 917 2623 laudatur-in
963 2585 1023 2623 rum
1040 2580 1151 2643 quaerat,
1171 2565 1216 2623 sed
1232 2580 1263 2622 ut
1279 2564 1320 2621 ibi
1337 2565 1429 2641 degat.

446 2635 472 2698 E
504 2644 615 2719 mologo
628 2641 737 2719 Magno
755 2639 786 2698 in
806 2640 873 2713 αἷμα
886 2653 914 2700 et
963 2642 1058 2699 Habet'
1081 2657 1172 2699 tamen
1187 2677 1189 2681 >
1204 2644 1280 2701 locus
1299 2644 1429 2719 majorem

444 2657 532 2786 aiiii:
575 2718 648 2792 Αἷμα
679 2722 732 2797 maie
777 2719 914 2798 ἀνθρώποις
962 2721 1099 2787 δεινότητα,
1120 2719 1312 2795 stitajungss:
1335 2722 1361 2776 0
1375 2722 1430 2776 uts-

443 2800 582 2875 ιιςικάςιὸν
594 2804 629 2862 {er
640 2801 728 2867 νόημα.
767 2798 913 2858 Notabilis
961 2818 1023 2857 nam
1046 2799 1089 2864 lit,
1108 2808 1153 2877 qui
1170 2822 1207 2856 me
1217 2798 1293 2874 fistat
1314 2797 1367 2867 ibi,
1386 2796 1433 2854 ubi

444 2876 744 2953 lamestanteruqu.
757 2877 793 2932 ad
811 2875 911 2936 Horat.
962 2875 1052 2954 campi
1076 2888 1141 2943 etc.,
1172 2872 1349 2934 enthufiasmo
1381 2873 1452 2934 abr

445 2954 511 3015 Art.
532 2958 588 3033 465
608 2952 912 3032 Empedocles-qaidi-
963 2966 1051 3029 reptas
1083 2951 1273 3009 sententiarum
1303 2950 1429 3009 ordinem

445 3030 528 3099 (ebat,
541 3033 618 3089 tarda
629 3038 730 3111 ingenia
734 3035 835 3110 frigido
847 3040 914 3089 circa
962 3028 1089 3090 turbavit.
1142 3030 1236 3105 Campi
1258 3030 1431 3105 Spercheosque

439 3111 753 3187 pracordiasaaguineim
770 3110 839 3165 ediri.
872 3110 913 3165 At
961 3107 1073 3184 poetica
1098 3107 1226 3173 struslura
1251 3105 1431 3163 enthufiasmo

426 3210 428 3213 ’
444 3186 585 3263 quomodo
607 3188 642 3243 ad
662 3186 720 3243 haec
738 3125 842 3243 siimnia
862 3185 912 3248 ho,-
962 3198 991 3239 et
1011 3184 1068 3262 ipsa
1085 3184 1262 3241 consentanea
1275 3182 1359 3251 dixit,
1379 3202 1430 3259 pro

445 3264 531 3324 mines
543 3263 634 3321 delabi
644 3264 774 3341 potuere?
787 3261 911 3331 Scilicet,
962 3261 1063 3337 eampis
1081 3263 1116 3317 ad
1139 3260 1309 3337 Sperchium,
1327 3259 1431 3337 campie

444 3342 519 3417 quod
544 3339 639 3419 primis
668 3360 756 3397 rerum
790 3339 914 3396 aetatibus
963 3337 1116 3405 Thessalia,
1144 3338 1173 3395 in
1205 3338 1281 3413 cujus
1305 3336 1431 3395 confiniis

444 3419 533 3474 nullus
558 3432 615 3474 erat
641 3416 753 3494 sapiens,
785 3415 832 3493 qui
857 3436 912 3473 non
961 3413 1148 3478 subterOEtam
1156 3413 1432 3473 montemsluviusille

443 3496 506 3551 esset
531 3501 622 3570 poe'ta,
642 3495 731 3552 nullus
754 3500 845 3569 po'e'ta,
865 3492 913 3569 qui
960 3489 1247 3550 infinumMaliacum
1266 3491 1332 3549 exit.
1359 3491 1431 3566 ‘say-
1494 3558 1496 3565 .

444 3590 499 3633 non
517 3572 619 3646 majore
638 3570 724 3628 animi
745 3584 913 3647 metuatque
957 3569 1060 3648 getasc.
1069 3570 1147 3647 juga,
1155 3573 1247 3647 ignat
1255 3573 1286 3627 τό
1294 3568 1431 3641 Ταΰγετον,

442 3647 505 3706 aeslu
520 3664 667 3723 raperetur,
687 3662 745 3716 aut,
765 3663 796 3705 ut
817 3648 911 3723 loque·
963 3660 1065 3707 montes
1079 3666 1116 3705 ex
1138 3647 1259 3705 Arcadia
1277 3667 1326 3725 per
1343 3661 1430 3706 totam

443 3722 553 3795 bantur,
562 3724 658 3783 divino
670 3725 764 3803 spiritu
775 3723 912 3800 (hiemali)
963 3725 1129 3783 Laconicam
1146 3740 1347 3803 procurrentes3
1367 3722 1431 3781 sub.

408 3836 410 3839 -
444 3814 577 3876 ageretur.
618 3802 699 3859 Calor
709 3802 800 3879 itaque
800 3809 913 3877 sangar·-
958 3804 1029 3879 jecta
1041 3803 1075 3860 iis
1088 3804 1182 3879 Sparta
1193 3817 1220 3859 et
1240 3802 1355 3860 Eurotas
1371 3813 1436 3859 am·'

444 3888 483 3935 eis
495 3896 556 3940 cum
570 3876 654 3933 animi
666 3879 707 3947 vi,
727 3878 832 3955 ingenii
848 3865 912 3937 sub-
962 3880 1014 3938 nis.
1067 3879 1199 3949 bacchata,
1229 3880 1336 3955 passive,
1369 3898 1430 3955 quat

443 3954 553 4020 tilitate‚
573 3954 683 4030 poetica
705 3955 843 4023 facultate,
864 3977 912 4014 ua·
961 3958 1120 4015 bacchando
1154 3956 1365 4034 frequentantur,
1398 3958 1429 4014 in

443 4045 513 4089 turae
546 4030 662 4164 aninam
695 4033 912 4109 conjunftionem
962 4034 1061 4112 quibus
1082 4034 1203 4111 virginet
1222 4032 1343 4090 Lacaenae
1364 4032 1429 4092 bac-

443 4109 542 4167 nabere
553 4108 581 4166 vi
601 4108 640 4165 eri
653 4124 768 4184 poterat.
788 4110 913 4169 Imitatus
962 4112 1049 4179 chari,
1068 4114 1147 4188 orgia
1163 4110 1262 4168 Bacchi
1283 4110 1429 4177 celebrate,

387 4227 392 4241 ‚
443 4187 480 4243 cst
511 4187 615 4244 versum
646 4185 749 4243 Lucan.
781 4188 821 4253 ll,
856 4208 914 4267 557,
961 4188 1057 4247 solent.
1106 4188 1151 4245 δίο
1184 4188 1306 4247 bacchata
1341 4190 1430 4246 Naxos

445 4264 637 4323 Fervidushaec
656 4274 743 4320 iterum
759 4268 826 4323 circa
838 4283 911 4342 prae·
962 4266 1027 4322 AEu.
1055 4262 1110 4335 III,
1145 4284 1208 4342 ης.
1249 4264 1315 4321 Erat
1334 4279 1429 4322 autem

403 4333 405 4348 ¹
442 4344 525 4401 cardia
528 4346 634 4422 sanguis
646 4341 766 4400 Incaluit.
960 4341 1010 4399 sub
1023 4343 1150 4419 Taygeto
1163 4341 1264 4399 Bacchi
1285 4343 1429 4419 templum,
1504 4347 1508 4357 '

483 4425 550 4497 485.
574 4443 657 4478 amnes
671 4429 747 4500 rigui,
767 4417 794 4475 h.
822 4419 842 4475 l.
863 4418 912 4492 qui
963 4421 1037 4496 quod
1062 4420 1151 4475 adhuc
1185 4418 1319 4475 Pausania
1351 4433 1429 4476 aetate

444 4494 544 4571 rigant.
602 4520 692 4565 amem,
726 4496 825 4554 colam.
853 4498 911 4553 vid.
961 4497 1113 4565 visebatur3
1134 4495 1168 4552 ad
1192 4497 1221 4552 id
1242 4496 1310 4552 solis
1332 4497 1429 4553 mulie-

441 4572 475 4649 it.
507 4574 526 4629 1.
554 4573 652 4644 Burin.
691 4576 855 4654 486-489.
884 4576 912 4632 Ο
960 4574 1038 4633 ribus
1050 4574 1137 4634 aditus
1149 4574 1269 4655 patebat,
1289 4588 1317 4632 et
1333 4573 1429 4631 mulie.
