3575 5509
518 718 520 722 ·
623 687 1160 773 n'D'BUcotlca.
1320 710 1386 803 189
1442 700 1467 755 '-

389 905 518 981 ·2eammsscc
540 900 651 979 lnporum
670 903 829 981 ambiguum
849 903 898 971 est,
921 917 1012 960 utrum
1032 903 1080 961 fit:
1101 902 1206 982 pistrix,
1227 925 1288 983 quae
1308 925 1386 966 com-

399 992 487 1048 missas
510 990 591 1048 habet
606 990 744 1067 delphinum
765 995 857 1049 caudas
879 1008 947 1049 utero
967 991 1090 1066 luporum,
1108 1011 1143 1048 an
1161 990 1272 1069 luponem
1292 997 1386 1052 caudas

398 1077 543 1156 delphinum
567 1096 642 1137 utero.
694 1077 829 1137 Neutram
855 1080 973 1158 speciem
1000 1078 1080 1152 facile
1102 1081 1188 1158 fingat
1212 1080 1262 1165 irbi
1287 1082 1387 1158 aliquis

399 1169 511 1226 animo:
532 1166 658 1245 inprimis
681 1166 700 1223 sr
721 1168 859 1246 vulgarem
882 1168 979 1244 Scyllae
999 1166 1116 1226 formam
1134 1169 1164 1227 in
1182 1168 1274 1246 priscis
1287 1190 1385 1229 mona.
1456 1191 1460 1209 ¹

400 1244 510 1314 mentis
524 1270 639 1333 reputet,
668 1254 697 1311 in
723 1255 820 1333 quibus
849 1276 881 1315 ea
908 1256 937 1314 in
961 1256 1119 1334 delphinum
1154 1259 1251 1315 caudas
1276 1257 1411 1329 delinit,

399 1342 513 1402 canibus
534 1362 569 1400 ex
587 1359 663 1401 utero
683 1341 775 1403 subtus
796 1343 1001 1423 prodeuntibus.
1040 1344 1253 1422 Itaquetertiam
1265 1338 1384 1424 aliquam

399 1432 533 1490 rationem
545 1432 670 1511 ingrersus
682 1430 739 1489 sum
753 1432 783 1490 in
796 1434 880 1492 Notis
900 1434 934 1491 ad
947 1452 973 1491 e.
986 1434 1019 1501 1.,
1039 1448 1069 1490 ut
1082 1434 1133 1492 fit:
1154 1440 1277 1514 connffa
1290 1438 1385 1494 caudas

399 1521 551 1599 delphinum,
580 1521 679 1589 habens
704 1524 801 1581 caudas
832 1522 992 1603 delphinum
1017 1523 1184 1593 commillas,
1212 1526 1385 1603 conjunclis,

401 1629 463 1667 cum
478 1626 545 1667 utero
558 1610 679 1687 lnporum,
698 1610 825 1689 luporum
838 1611 1010 1690 corporibus.
1051 1611 1206 1670 Rellehaec
1226 1611 1252 1669 se
1271 1611 1383 1683 habent,

400 1702 484 1760 modo
496 1722 529 1760 ex
541 1700 664 1780 pluribus
675 1701 774 1779 Scyllae
785 1702 882 1762 formis
901 1721 961 1760 eam
975 1716 1074 1769 teneas,
1087 1723 1148 1780 quae
1160 1702 1278 1781 Virgilii
1291 1705 1383 1766 animo

397 1790 538 1851 insederat.
1338 1833 1341 1837 -

437 1881 471 1939 In
496 1881 615 1959 antiquae
637 1879 741 1939 scilieet
765 1881 830 1938 artis
849 1881 978 1957 operibus
1008 1900 1065 1938 non
1095 1900 1150 1939 una
1174 1881 1273 1960 Scyllae
1296 1885 1383 1945 form

397 1970 537 2039 occurrit;
557 1969 640 2031 modo
659 1989 690 2026 ea
707 1969 745 2026 'in
771 1968 931 2046 delphinum
951 1968 1030 2027 binas
1053 1972 1152 2029 caudas
1178 1973 1292 2044 definit3
1312 1974 1384 2037 nihil

398 2060 535 2138 amplius;
556 2058 817 2116 modo-intertexta
840 2072 888 2115 aut
915 2056 1081 2117 intermixta:
1111 2059 1174 2117 sunt
1196 2080 1295 2120 eanum
1320 2081 1384 2141 pro-
1477 2063 1484 2074 ’

399 2162 502 2214 tomae3
533 2154 561 2204 et
592 2146 650 2205 haec
676 2145 788 2223 quidem
821 2147 858 2205 est
877 2145 1003 2204 sollennia
1027 2146 1126 2217 forma,
1158 2161 1190 2207 ut
1215 2149 1246 2207 in
1271 2149 1383 2213 denario

402 2236 466 2294 Sex.
481 2234 614 2314 Pompeii,
632 2256 659 2293 v.
673 2255 698 2293 c.
712 2234 795 2294 Thes.
807 2234 919 2295 Motella
943 2235 1064 2315 Pompei.
1086 2251 1108 2296 t.
1122 2237 1162 2308 Π,
1186 2257 1210 2297 r.
1222 2240 1261 2298 cf.
1282 2242 1389 2320 Spanlr„

398 2324 436 2382 de
449 2324 488 2382 U.
501 2338 529 2383 et
542 2324 572 2382 P.
587 2324 627 2383 N.
649 2324 687 2383 T.
701 2322 727 2393 1,
746 2343 811 2402 pag.
833 2329 887 2385 262
902 2325 968 2394 ;·eii
988 2338 1079 2383 tamen
1098 2327 1179 2384 tertia
1198 2326 1310 2407 species,
1329 2346 1384 2409 qu'a

401 2414 463 2471 alvo
483 2413 616 2491 adjunllae
639 2412 699 2471 suat
724 2412 851 2490 utrinque
875 2412 938 2473 duae
962 2428 1060 2471 canum
1083 2429 1216 2494 protomar
1245 2417 1276 2476 in
1300 2425 1382 2481 unam

402 2503 537 2582 delphinis
561 2503 676 2561 caudam
707 2508 844 2560 coiuntes.
897 2500 941 2559 Ita
972 2520 1042 2561 utero
1063 2502 1174 2582 luporum
1207 2512 1327 2586 commrffa
1350 2517 1384 2589 ss
1485 2555 1489 2561 ,

402 2596 481 2653 cauda
498 2591 648 2669 delphinum.
688 2591 770 2649 Hanc
789 2590 905 2670 speciem
927 2592 1009 2651 habet
1028 2593 1163 2652 numisma
1180 2596 1383 2675 Agrigentino·

400 2703 461 2754 rum
487 2704 503 2741 a
530 2682 655 2760 Principe
676 2680 862 2739 Torremuzza
891 2683 996 2761 (Opust.
1024 2686 1053 2741 di
1071 2683 1163 2742 Autori
1184 2684 1303 2744 Siciliani
1324 2687 1382 2748 To.
1482 2675 1487 2689 ’

402 2772 488 2843 XIV,
509 2773 564 2831 tab.
577 2772 646 2837 VII,
660 2770 719 2845 IV)
746 2769 862 2840 editum,
881 2789 909 2829 et
921 2772 951 2828 in
969 2770 1071 2829 Sicilia
1092 2786 1146 2831 vet.
1169 2772 1258 2833 Num.
1280 2776 1338 2836 tab.
1352 2775 1383 2835 V

398 2864 555 2943 repetitum,
575 2862 624 2940 ubi
642 2861 756 2918 alterum
774 2859 848 2917 canis
870 2861 984 2922 alterum
1003 2860 1097 2935 hydrae
1118 2862 1166 2931 est,
1185 2876 1212 2921 ct
1228 2866 1286 2941 jam
1308 2868 1381 2935 ante,

398 2975 494 3034 parum
520 2953 630 3021 affabre,
659 2950 847 3009 adumbratum
872 2970 888 3008 a
923 2950 1065 3009 Pancratio
1088 2953 1239 3024 (Anticbita
1264 2955 1384 3015 Siciliane

400 3051 484 3108 Tom.
508 3047 533 3113 Ι,
553 3068 583 3125 p.
604 3045 653 3123 4),
675 3062 724 3101 nec
744 3042 861 3101 multum
883 3040 992 3100 abludit
1010 3060 1058 3099 ara
1079 3041 1109 3099 in
1124 3040 1286 3103 Winckelm.
1306 3046 1381 3107 Mon.

396 3142 461 3199 ined.
475 3156 521 3195 no.
537 3156 583 3214 37.

438 3230 467 3285 A
494 3226 582 3306 poetis
607 3225 665 3283 fere
686 3241 768 3283 canes
802 3233 996 3287 memorantur,
1024 3238 1116 3303 eaeque
1138 3239 1208 3278 verae
1231 3241 1263 3280 ac
1287 3227 1381 3284 terres-

393 3334 461 3378 tres.
502 3313 632 3373 Dubitari
652 3328 743 3371 tamen
770 3309 819 3367 vix
841 3311 938 3387 potest,
970 3328 1027 3378 eos,
1060 3309 1107 3386 qui
1141 3309 1226 3388 primi
1259 3311 1380 3377 fabulam

400 3407 549 3467 commenti
573 3405 644 3472 sunt,
675 3399 799 3461 cumde
823 3400 940 3457 monstro
965 3398 1073 3457 marino
1098 3415 1246 3470 narrarent,
1278 3402 1382 3464 bellum

400 3516 509 3575 quoque
534 3495 649 3553 marinas
682 3494 708 3550 ei
739 3491 897 3568 adjunxisse.
948 3489 1040 3549 Etiam
1064 3489 1203 3550 Homerus
1223 3494 1244 3551 l.
1265 3493 1298 3562 1.,
1332 3496 1381 3557 ubi

401 3586 521 3662 Scyllam
540 3584 638 3641 exertis
663 3580 795 3659 capitibus
816 3578 933 3657 praedari
958 3580 998 3639 ait
1016 3580 1090 3637 circa
1113 3580 1254 3659 scopulum
1276 3586 1382 3662 aquati-

398 3676 449 3745 lia,
469 3674 592 3748 Δελφῖνάς
615 3695 643 3729 τε
667 3684 758 3725 narrat
784 3670 856 3727 nilus
881 3693 910 3727 τε
934 3670 979 3728 mi
991 3667 1072 3727 ainaha
1093 3666 1173 3743 μεῖζον
1195 3676 1265 3751 ’ἕλῃσι
1288 3683 1381 3737 Κῆτος.

377 3763 547 3824 ,Probabile
568 3760 660 3837 itaque
681 3757 712 3814 fit
736 3758 771 3814 de
795 3757 883 3835 phoca
908 3777 971 3816 eum
993 3757 1138 3836 cogitasse:
1160 3779 1240 3836 qnam
1264 3762 1381 3823 vitulum

398 3853 535 3914 marinum
552 3851 609 3928 jam
634 3861 735 3907 veteres
759 3846 938 3925 appellarunt,
957 3846 1006 3926 qui
1030 3843 1104 3904 idem
1123 3847 1273 3907 etiamnum
1297 3850 1383 3909 modo

397 3943 474 4004 canis
492 3942 577 4001 modo
598 3936 656 4017 lupi
675 3935 773 3996 marini
794 3935 905 3994 nomine
925 3936 1020 4008 venit3
1035 3937 1140 4015 phocam
1155 3938 1274 4016 pnstllnn
1295 3939 1382 4002 Linn.

397 4055 457 4094 eam
470 4028 565 4089 haberi
584 4028 677 4085 audio.
716 4025 827 4083 Iconem
848 4039 877 4084 ct
892 4025 1099 4106 descriptionem
1117 4026 1197 4085 vituli
1218 4028 1317 4086 marini
1340 4029 1382 4086 vi.

398 4127 460 4184 aas
473 4142 518 4200 ap.
532 4114 728 4176 uonaemrum
741 4115 776 4172 ae
790 4113 913 4195 Prsarum
926 4116 1038 4175 mannis
1052 4116 1100 4175 ub.
1115 4116 1202 4185 xvr,
1222 4136 1248 4175 ς.
1263 4118 1291 4176 a.
1304 4102 1382 4175 ‘rna
1467 4173 1470 4180 ,

394 4217 482 4291 jorem
508 4211 606 4267 horum
631 4203 834 4283 amphibiorum
859 4204 926 4261 olim
961 4205 991 4264 in
1014 4205 1210 4262 mediterraneo
1231 4203 1302 4261 mari
1327 4202 1384 4263 fre-¹

397 4299 536 4381 quentiam
549 4296 624 4355 fuisse
636 4294 758 4363 constat;
778 4293 812 4351 ad
833 4293 899 4351 fines
921 4294 1035 4373 AEgypti
1055 4293 1173 4352 desertos
1191 4306 1268 4350 notas
1285 4311 1382 4353 eorum

395 4390 470 4449 sedes
482 4386 611 4446 novimus
619 4402 654 4441 ex
667 4381 726 4439 Od.
740 4382 765 4450 l,
780 4381 828 4442 ubi
841 4382 876 4440 de
890 4378 991 4439 Proteo
1004 4381 1106 4459 agitur.
1146 4382 1268 4440 Narrant
1288 4382 1384 4449 nolitis

396 4498 503 4560 quoque
536 4473 703 4555 temporibus
737 4491 835 4531 canum
865 4470 1032 4530 marinorum
1056 4469 1131 4529 circa
1163 4470 1383 4549 promontorium

1237 4560 1383 4637 Scyllam
