3575 5509
406 681 452 757 50
523 656 563 728 P.
605 609 889 722 vinorum
941 611 1243 712 uuuo'ms
1314 627 1318 634 ·

404 851 604 930 Narcissum
619 866 655 920 et
672 847 797 918 llorem
809 839 931 940 jungit
944 837 1034 909 benc
1049 835 1177 908 olentis
1193 837 1341 954 anethi3

404 986 514 1071 Tum,
532 981 620 1055 casta
636 997 741 1077 atque
756 978 833 1049 aliis
850 977 1010 1046 intexens
1026 971 1190 1046 suavibus
1206 974 1340 1065 herbis,

405 1116 535 1190 Mollia
551 1114 680 1187 luteola
696 1110 814 1209 pingit
830 1108 990 1180 vaccinia
1008 1105 1137 1200 caltha.
1334 1129 1381 1206 50

406 1251 484 1349 Ipse
500 1274 567 1346 ego
583 1272 670 1321 cana
685 1248 802 1343 legam
821 1262 942 1315 tenera
958 1242 1123 1339 lanugine
1138 1242 1244 1331 mala,
1268 1273 1271 1280 ·

437 1447 479 1508 48.
497 1449 620 1513 benejungit
634 1444 721 1509 fragm.
735 1444 935 1506 Moret.--49.
953 1442 1005 1488 Cum
1014 1443 1068 1507 casu
1077 1444 1140 1491 Ven.
1150 1451 1176 1491 et
1184 1442 1295 1493 Pan-bas,
1321 1441 1382 1493 Tm

406 1524 591 1584 multi.--50.
607 1522 702 1586 Pinguia
713 1523 730 1578 l.
741 1519 835 1568 Nouius
845 1518 1108 1567 Marcellusincaltnla.
1360 1541 1366 1554 ν

403 1706 451 1751 trae
474 1689 553 1747 violae
574 1688 660 1755 flavae,
681 1686 753 1766 galbe
774 1686 868 1756 Viden,
916 1699 985 1744 tram
998 1688 1048 1745 else
1057 1700 1162 1765 putant.
1173 1686 1232 1746 vid.
1247 1685 1381 1747 cerdaad

405 1769 464 1827 vid.
478 1766 593 1823 Martin.
608 1766 642 1822 ad
655 1766 682 1821 h.
695 1766 714 1821 l.
727 1765 796 1821 inter
807 1783 867 1820 ver·
918 1763 974 1820 Ge.
1001 1764 1055 1832 lV,
1083 1785 1131 1841 30,
1154 1784 1181 1842 p.
1206 1768 1273 1840 480.
1325 1766 1381 1824 Sed

403 1864 453 1904 nos
462 1843 538 1901 flores
549 1842 716 1900 numerandae
722 1841 868 1912 manubias.
917 1840 1066 1907 Martinus,
1084 1840 1242 1919 comparatis
1259 1842 1332 1899 inter
1351 1841 1381 1900 se

404 1922 495 1980 albam
515 1919 628 1986 violam,
646 1918 713 1976 flore
730 1919 783 1977 sive
807 1919 869 1976 albo
919 1917 1021 1983 Plinio,
1042 1917 1204 1976 Dioscoride
1231 1937 1263 1976 ac
1282 1918 1379 1977 Thoo-

404 1998 538 2057 fiveflavo
552 1997 759 2130 fivelpurputem
772 2011 870 2053 vocant
915 1995 1031 2071 phrasto,
1062 1996 1154 2062 docet,
1183 1996 1284 2072 Casan
1306 1994 1380 2053 hanc

405 2089 514 2134 veteres.
552 2075 596 2132 Pa

396 2171 457 2221 'vo;
477 2152 623 2228 licorpora
644 2150 784 2207 hominum
804 2150 870 2207 cali·
917 2149 1025 2207 melaean
1047 2148 1096 2207 lini
1109 2149 1186 2229 folio,
1217 2172 1274 2237 que
1293 2173 1383 2227 grana

405 2228 482 2287 diore
505 2228 535 2285 in
555 2229 637 2305 plaga
658 2227 809 2284 viventium
830 2246 870 2283 re-
917 2228 999 2285 cnidr'a
1011 2225 1073 2286 sert.
1090 2248 1117 2285 v.
1140 2225 1256 2286 Martio.
1275 2230 1310 2283 ad
1324 2225 1381 2286 Ge.

425 2319 492 2370 utes,
505 2324 574 2379 quae,
591 2323 655 2361 cum
677 2304 787 2379 pallent,
807 2303 867 2361 sub·
916 2302 957 2371 ΙΙ,
973 2322 1005 2361 21
1012 2323 1039 2378 3.
1105 2323 1132 2362 o.
1148 2312 1233 2381 pingas
1253 2312 1383 2374 vaccinia,

403 2326 556 2437 flavescunt.
595 2381 735 2457 Papavera
754 2379 814 2437 sunt
833 2399 868 2438 ex
918 2379 1003 2437 variat
1027 2322 1124 2448 raltsa,
1156 2395 1291 2456 tamquam
1315 2378 1382 2441 flore

402 2475 499 2545 genere
510 2455 628 2525 filvestri,
640 2456 705 2512 flore
714 2454 786 2523 ruso,
794 2458 869 2532 quod
917 2455 1013 2513 diversi
1030 2456 1142 2525 coloris,
1165 2465 1279 2515 'intexens
1301 2456 1383 2515 herba

401 2531 524 2590 marvis
547 2552 609 2591 cum
629 2533 731 2589 hordeo
752 2532 869 2591 maxime
918 2552 945 2589 n.
959 2533 1083 2591 violaset
1097 2533 1145 2591 reli
1165 2552 1208 2591 ua.
1227 2532 1302 2591 conf.
1316 2534 1380 2595 AEn.
1476 2555 1479 2561 ’

342 2637 350 2656 ν
403 2608 528 2666 nascitur.
557 2608 628 2667 Plin.
649 2608 732 2673 XIX,
754 2629 781 2686 9.
810 2610 868 2668 vid.
919 2607 989 2678 Vll,
1002 2616 1068 2688 488.
1107 2612 1132 2667 C
1159 2611 1206 2669 tha
1212 2611 1302 2765 ff
1321 2607 1381 2669 nos-

403 2685 519 2744 Mattin.
539 2686 568 2745 h.
588 2687 607 2745 l.
624 2701 651 2742 et
664 2686 699 2742 ad
713 2685 768 2743 Ge.
782 2685 807 2754 I,
820 2690 867 2765 78.
918 2700 960 2743 tra
973 2686 1141 2767 Ringelblum,
1155 2711 1213 2745 mar
1267 2691 1379 2765 msam,

403 2764 531 2839 Narcfflas
550 2782 585 2819 ex
606 2783 640 2819 eo
662 2762 754 2838 utique
771 2783 868 2841 genere
917 2762 1101 2823 habetumid.
1111 2750 1220 2831 Cerdaf
1220 2781 1379 2842 quamquam

404 2841 455 2917 est,
474 2841 549 2916 quod
568 2859 617 2896 nos
638 2839 676 2897 ira
696 2843 867 2917 appellamus.
899 2838 953 2897 ‘de
973 2860 1006 2899 eo
1025 2841 1113 2898 adhuc
1132 2840 1240 2898 dubitat
1262 2840 1380 2899 Martio.

403 2937 431 2974 v.
446 2916 527 2974 eund.
542 2916 576 2972 ad
595 2917 649 2974 Ge.
670 2915 725 2982 IV,
749 2938 810 2975 122.
829 2918 867 2975 cf.
917 2918 953 2975 ad
977 2918 1043 2977 h.l.
1068 2917 1112 2975 De
1133 2917 1380 2976 vacania'svid.ad

404 2993 525 3052 Theocr.
541 2992 596 3059 XI,
612 3014 657 3072 57.
681 2993 819 3053 Schreber.
834 2997 868 3052 ad
917 3013 945 3052 v.
961 3000 1005 3053 18.
1045 2995 1139 3063 mallia,
1159 3008 1259 3063 tenera,
1277 3007 1309 3052 ut
1321 2993 1380 3054 Eel.

406 3070 432 3140 1,
451 3090 501 3146 133
515 3090 577 3127 cum
599 3070 711 3128 Linnaeo
725 3072 868 3140 consentit,
918 3068 958 3138 V,
972 3074 1019 3145 38.
1039 3070 1094 3141 v1‚
1108 3090 1156 3150 53,
1175 3085 1203 3129 et
1221 3086 1251 3129 ut
1263 3072 1380 3130 nostrum

403 3147 451 3225 qui
469 3150 607 3225 Narcssum
626 3154 743 3236 poblicum
762 3149 867 3236 edidit.
909 3152 997 3225 sanast.
1415 3153 1424 3164 ⁸

404 3225 585 3358 {setes
603 3224 868 3368 ssssbuzls
917 3224 1383 3379 ...{.3.·s3:{2.†.ll{h..'‘3?sn

404 3376 554 3451 Erinnyum
566 3375 706 3446 destinato,
713 3378 797 3452 petita
808 3379 869 3435 sunt
917 3395 955 3455 go
976 3380 1046 3439 mala
1069 3377 1198 3455 cydonia,
1217 3377 1238 3437 s.
1257 3394 1382 3445 cotonea,

404 3472 439 3511 ex
454 3452 546 3510 Schol.
565 3452 691 3527 Sophocl.
712 3452 783 3512 Oed.
803 3456 867 3514 Col.
918 3455 997 3513 nobis
1008 3458 1122 3533 Quem
1134 3474 1194 3533 quae
1204 3475 1272 3515 cana
1287 3457 1381 3523 lanas.

405 3536 472 3591 681.
511 3528 635 3585 Anathum
654 3532 769 3587 nostrum
790 3532 868 3600 sille,
917 3530 1046 3611 lanugine
1067 3533 1168 3591 obduci
1190 3531 1252 3590 satis
1271 3534 1382 3594 constat

405 3606 426 3664 s.
447 3604 527 3683 Billa,
539 3606 596 3671 dill,
608 3622 676 3672 anet,
687 3608 737 3664 else
749 3622 867 3684 putatur,
918 3606 1013 3686 Qum
1025 3626 1114 3668 tamen
1133 3628 1164 3666 ea
1182 3610 1272 3685 palato
1290 3612 1383 3687 puella

407 3682 480 3759 quod
493 3697 518 3737 et
533 3680 561 3737 in
579 3682 671 3739 nostris
692 3684 786 3743 hortus
807 3686 869 3743 visr-
918 3686 1278 3764 parum‘gratafuilsevideri
1289 3687 1383 3763 poffint

404 3774 460 3825 tur,
479 3759 544 3816 flore
569 3759 648 3817 flavo.
688 3762 772 3822 assahar
786 3762 868 3821 etiam
922 3762 1036 3839 (oblitos
1047 3778 1103 3820 erat
1114 3763 1157 3820 vir
1168 3761 1340 3832 dofflffimus
1351 3763 1382 3824 h.

406 3834 570 3892 Theocritus
582 3854 644 3892 cum
658 3838 721 3895 tofis
743 3853 771 3896 et
788 3839 870 3897 violis
918 3841 939 3896 l.
952 3839 986 3896 de
999 3839 1175 3898 recoronaria
1184 3837 1261 3917 agi),
1270 3839 1383 3917 conjicit

402 3911 640 4047 rimus
918 3914 1056 4050 ssu
1080 3915 1274 4051 rem

403 4066 477 4123 Cum
493 4066 587 4123 malvis
607 4084 634 4123 et
641 4010 717 4144 yapio
733 4035 827 4146 jungit
839 4012 869 4129 ἕν’
912 4008 1101 4147 ἒεᾶωνίέὲὲῑι·
1113 4000 1384 4146 interpretatfflei:

406 4145 431 4201 τ’
444 4141 545 4202 assasse
565 4145 619 4200 ἔλον
636 4144 721 4205 assason
740 4146 869 4203 Moschus
917 4146 1019 4204 firmari
1038 4146 1119 4205 etiam
1131 4145 1215 4224 potest
1225 4166 1260 4205 ex
1277 4146 1385 4206 Alcimi

405 4221 485 4295 Idyll.
506 4221 560 4288 Ill,
578 4242 639 4281 ror.
691 4241 739 4298 49.
753 4223 869 4299 Caſsae
918 4222 971 4299 Epi
993 4238 1121 4300 rammate
1130 4221 1384 4302 Antholog.Burm.

404 4297 497 4355 Plinio
509 4296 580 4354 inter
591 4296 685 4354 herbas
694 4318 725 4355 ac
737 4299 814 4356 flores
827 4318 867 4361 re·
918 4299 957 4359 T.
972 4244 1004 4369 i,
1024 4321 1051 4357 n.
1072 4317 1140 4368 2113
1180 4301 1236 4358 uod
1257 4320 1292 4358 ex
1314 4300 1383 4360 hl.

348 4424 351 4429 .
404 4375 525 4434 censetur
546 4372 712 4441 coronarios,
742 4389 770 4431 et
799 4375 870 4433 inter
918 4378 1077 4454 expressum,
1095 4376 1145 4435 ubi
1161 4320 1217 4436 hnc
1236 4377 1307 4437 nala
1324 4376 1386 4435 red-

403 4472 460 4519 eos‚
480 4469 547 4528 quos
559 4449 633 4508 circa
650 4450 765 4507 alvearia
785 4452 869 4512 serere
918 4452 1019 4511 duntur
1029 4453 1164 4511 velleribus
1173 4454 1203 4510 hi
1224 4456 1387 4589 nauffinna

401 4528 489 4608 jubet.
509 4525 604 4607 Vulgo
622 4526 787 4589 lavendulam
809 4531 869 4589 nos-
917 4539 995 4593 canis.
1043 4529 1193 4608 calpon·
1236 4531 1256 4591 l.
1307 4550 1393 4607 ,9o.·

637 4645 640 4650 -
1301 4626 1335 4686 91
1359 4623 1388 4666 nt

629 2098 656 2131 ns
669 2093 732 2131 vero
750 2092 800 2151 pro
821 2073 869 2129 fla·
915 2071 966 2128 esse
978 2095 1077 2131 rneoron
1088 2071 1291 2140 Graecorum,s.
1308 2071 1383 2151 shy-
1483 2141 1486 2146 ,
