<?xml version="1.0" encoding="UTF-8"?>
<!DOCTYPE html PUBLIC "-//W3C//DTD XHTML 1.0 Transitional//EN"
    "http://www.w3.org/TR/xhtml1/DTD/xhtml1-transitional.dtd">
<html xmlns="http://www.w3.org/1999/xhtml" xml:lang="en" lang="en">
 <head>
  <title>
</title>
<meta http-equiv="Content-Type" content="text/html;charset=utf-8" />
  <meta name='ocr-system' content='tesseract 3.04.00' />
  <meta name='ocr-capabilities' content='ocr_page ocr_carea ocr_par ocr_line ocrx_word'/>
</head>
<body>
  <div class='ocr_page' id='page_1' title='image "./operavarietatel00virggoog/operavarietatel00virggoog_0273.png"; bbox 0 0 3575 5509; ppageno 0'>
   <div class='ocr_carea' id='block_1_1' title="bbox 519 626 1378 744">
    <p class='ocr_par' dir='ltr' id='par_1_1' title="bbox 519 626 1378 744">
     <span class='ocr_line' id='line_1_1' title="bbox 519 626 1378 744; baseline -0.013 -19"><span class='ocrx_word' id='word_1_1' title='bbox 519 646 597 725; x_wconf 78' lang='lat' dir='ltr'>nu</span> <span class='ocrx_word' id='word_1_2' title='bbox 631 626 1257 744; x_wconf 71' lang='lat' dir='ltr'>cnnnrnssottcourco</span> <span class='ocrx_word' id='word_1_3' title='bbox 1355 663 1378 741; x_wconf 77' lang='lat'><strong>7</strong></span> 
     </span>
    </p>
   </div>
   <div class='ocr_carea' id='block_1_2' title="bbox 372 834 1386 1549">
    <p class='ocr_par' dir='ltr' id='par_1_2' title="bbox 372 834 1386 1549">
     <span class='ocr_line' id='line_1_2' title="bbox 398 834 1379 930; baseline -0.011 -7"><span class='ocrx_word' id='word_1_4' title='bbox 398 845 492 923; x_wconf 84' lang='lat' dir='ltr'>forte</span> <span class='ocrx_word' id='word_1_5' title='bbox 516 844 625 918; x_wconf 89' lang='lat' dir='ltr'>etiam</span> <span class='ocrx_word' id='word_1_6' title='bbox 655 839 777 915; x_wconf 89' lang='lat' dir='ltr'>casum</span> <span class='ocrx_word' id='word_1_7' title='bbox 804 834 1091 930; x_wconf 70' lang='lat' dir='ltr'>memorabilem,</span> <span class='ocrx_word' id='word_1_8' title='bbox 1116 856 1157 911; x_wconf 91' lang='lat' dir='ltr'>ut</span> <span class='ocrx_word' id='word_1_9' title='bbox 1178 839 1272 911; x_wconf 92' lang='lat' dir='ltr'>inter</span> <span class='ocrx_word' id='word_1_10' title='bbox 1291 841 1379 913; x_wconf 85' lang='lat' dir='ltr'>tales</span> 
     </span>
     <span class='ocr_line' id='line_1_3' title="bbox 374 948 1381 1063; baseline -0.008 -18"><span class='ocrx_word' id='word_1_11' title='bbox 374 948 573 1057; x_wconf 30' lang='lat' dir='ltr'>&#39;homines,</span> <span class='ocrx_word' id='word_1_12' title='bbox 596 978 655 1039; x_wconf 90' lang='lat' dir='ltr'>aut</span> <span class='ocrx_word' id='word_1_13' title='bbox 689 968 787 1038; x_wconf 86' lang='lat' dir='ltr'>etiam</span> <span class='ocrx_word' id='word_1_14' title='bbox 815 962 1007 1035; x_wconf 85' lang='lat' dir='ltr'>attributum</span> <span class='ocrx_word' id='word_1_15' title='bbox 1038 962 1165 1058; x_wconf 85' lang='lat' dir='ltr'><em>aliquod</em></span> <span class='ocrx_word' id='word_1_16' title='bbox 1190 978 1223 1063; x_wconf 87' lang='lat' dir='ltr'>et</span> <span class='ocrx_word' id='word_1_17' title='bbox 1253 965 1381 1037; x_wconf 81' lang='lat' dir='ltr'>colorem</span> 
     </span>
     <span class='ocr_line' id='line_1_4' title="bbox 398 1060 1382 1194; baseline -0.009 -27"><span class='ocrx_word' id='word_1_18' title='bbox 398 1090 469 1194; x_wconf 70' lang='lat' dir='ltr'>ej&#39;ut</span> <span class='ocrx_word' id='word_1_19' title='bbox 499 1095 593 1179; x_wconf 81' lang='lat' dir='ltr'>uita,</span> <span class='ocrx_word' id='word_1_20' title='bbox 618 1086 677 1161; x_wconf 91' lang='lat' dir='ltr'>led</span> <span class='ocrx_word' id='word_1_21' title='bbox 691 1088 789 1181; x_wconf 76' lang='lat' dir='ltr'>fatto</span> <span class='ocrx_word' id='word_1_22' title='bbox 817 1083 938 1181; x_wconf 90' lang='lat' dir='ltr'>aliquo</span> <span class='ocrx_word' id='word_1_23' title='bbox 964 1060 1176 1178; x_wconf 75' lang='lat' dir='ltr'>exprelium,</span> <span class='ocrx_word' id='word_1_24' title='bbox 1200 1109 1272 1181; x_wconf 92' lang='lat' dir='ltr'>quo</span> <span class='ocrx_word' id='word_1_25' title='bbox 1295 1085 1382 1174; x_wconf 84' lang='lat' dir='ltr'>isto-</span> 
     </span>
     <span class='ocr_line' id='line_1_5' title="bbox 374 1199 1381 1297; baseline -0.008 -5"><span class='ocrx_word' id='word_1_26' title='bbox 374 1231 376 1238; x_wconf 85' lang='lat'>&#39;</span> <span class='ocrx_word' id='word_1_27' title='bbox 396 1242 479 1293; x_wconf 87' lang='lat' dir='ltr'>rum</span> <span class='ocrx_word' id='word_1_28' title='bbox 496 1216 689 1289; x_wconf 90' lang='lat' dir='ltr'>hominum</span> <span class='ocrx_word' id='word_1_29' title='bbox 705 1210 831 1297; x_wconf 90' lang='lat' dir='ltr'>studia,</span> <span class='ocrx_word' id='word_1_30' title='bbox 851 1207 980 1296; x_wconf 89' lang='lat' dir='ltr'>officia,</span> <span class='ocrx_word' id='word_1_31' title='bbox 1001 1209 1164 1295; x_wconf 87' lang='lat' dir='ltr'>rationes,</span> <span class='ocrx_word' id='word_1_32' title='bbox 1178 1199 1381 1285; x_wconf 70' lang='lat' dir='ltr'>affectiones</span> 
     </span>
     <span class='ocr_line' id='line_1_6' title="bbox 372 1332 1383 1433; baseline -0.008 -18"><span class='ocrx_word' id='word_1_33' title='bbox 372 1341 671 1433; x_wconf 72' lang='lat' dir='ltr'>declararentur,</span> <span class='ocrx_word' id='word_1_34' title='bbox 702 1359 766 1433; x_wconf 90' lang='lat' dir='ltr'>per</span> <span class='ocrx_word' id='word_1_35' title='bbox 797 1334 973 1407; x_wconf 89' lang='lat' dir='ltr'>sermones</span> <span class='ocrx_word' id='word_1_36' title='bbox 1011 1332 1159 1405; x_wconf 88' lang='lat' dir='ltr'>istorum</span> <span class='ocrx_word' id='word_1_37' title='bbox 1190 1333 1383 1429; x_wconf 87' lang='lat' dir='ltr'>hominum</span> 
     </span>
     <span class='ocr_line' id='line_1_7' title="bbox 396 1437 1386 1549; baseline -0.011 -6"><span class='ocrx_word' id='word_1_38' title='bbox 396 1467 494 1543; x_wconf 90' lang='lat' dir='ltr'>inter</span> <span class='ocrx_word' id='word_1_39' title='bbox 521 1462 558 1536; x_wconf 88' lang='lat' dir='ltr'>se</span> <span class='ocrx_word' id='word_1_40' title='bbox 587 1458 905 1549; x_wconf 87' lang='lat' dir='ltr'>confabulantium,</span> <span class='ocrx_word' id='word_1_41' title='bbox 929 1437 978 1531; x_wconf 74' lang='lat' dir='ltr'>ita</span> <span class='ocrx_word' id='word_1_42' title='bbox 1004 1455 1200 1547; x_wconf 87' lang='lat' dir='ltr'>exhiberet,</span> <span class='ocrx_word' id='word_1_43' title='bbox 1218 1474 1256 1532; x_wconf 89' lang='lat' dir='ltr'>ut</span> <span class='ocrx_word' id='word_1_44' title='bbox 1281 1461 1386 1535; x_wconf 86' lang='lat' dir='ltr'>animi</span> 
     </span>
    </p>
   </div>
   <div class='ocr_carea' id='block_1_3' title="bbox 347 1587 1493 1690">
    <p class='ocr_par' dir='ltr' id='par_1_3' title="bbox 347 1587 1493 1690">
     <span class='ocr_line' id='line_1_8' title="bbox 347 1587 1493 1690; baseline -0.003 -25"><span class='ocrx_word' id='word_1_45' title='bbox 347 1686 351 1690; x_wconf 83' lang='lat'><em>.</em></span> <span class='ocrx_word' id='word_1_46' title='bbox 398 1596 597 1672; x_wconf 83' lang='lat' dir='ltr'>audientium</span> <span class='ocrx_word' id='word_1_47' title='bbox 623 1589 770 1689; x_wconf 85' lang='lat' dir='ltr'>jucunda</span> <span class='ocrx_word' id='word_1_48' title='bbox 795 1612 903 1662; x_wconf 79' lang='lat' dir='ltr'>rerum</span> <span class='ocrx_word' id='word_1_49' title='bbox 939 1588 1075 1681; x_wconf 82' lang='lat' dir='ltr'>imagine</span> <span class='ocrx_word' id='word_1_50' title='bbox 1109 1600 1144 1658; x_wconf 87' lang='lat' dir='ltr'>et</span> <span class='ocrx_word' id='word_1_51' title='bbox 1172 1587 1253 1661; x_wconf 72' lang='lat' dir='ltr'>vite</span> <span class='ocrx_word' id='word_1_52' title='bbox 1292 1589 1383 1682; x_wconf 79' lang='lat' dir='ltr'>istius</span> <span class='ocrx_word' id='word_1_53' title='bbox 1485 1616 1493 1632; x_wconf 61' lang='lat'>⁸</span> 
     </span>
    </p>
   </div>
   <div class='ocr_carea' id='block_1_4' title="bbox 307 1713 1487 3926">
    <p class='ocr_par' dir='ltr' id='par_1_4' title="bbox 307 1713 1487 3926">
     <span class='ocr_line' id='line_1_9' title="bbox 395 1713 1383 1819; baseline -0.007 -26"><span class='ocrx_word' id='word_1_54' title='bbox 395 1734 496 1819; x_wconf 81' lang='lat' dir='ltr'>grata</span> <span class='ocrx_word' id='word_1_55' title='bbox 496 1719 608 1816; x_wconf 79' lang='lat' dir='ltr'>specie</span> <span class='ocrx_word' id='word_1_56' title='bbox 610 1719 694 1812; x_wconf 84' lang='lat' dir='ltr'>frui</span> <span class='ocrx_word' id='word_1_57' title='bbox 711 1716 902 1793; x_wconf 83' lang='lat' dir='ltr'>uiderentur</span> <span class='ocrx_word' id='word_1_58' title='bbox 915 1717 948 1791; x_wconf 83' lang='lat'>*.</span> <span class='ocrx_word' id='word_1_59' title='bbox 1004 1713 1097 1811; x_wconf 87' lang='lat' dir='ltr'>Capi</span> <span class='ocrx_word' id='word_1_60' title='bbox 1110 1732 1232 1789; x_wconf 89' lang='lat' dir='ltr'>autem</span> <span class='ocrx_word' id='word_1_61' title='bbox 1254 1734 1292 1792; x_wconf 92' lang='lat' dir='ltr'>et</span> <span class='ocrx_word' id='word_1_62' title='bbox 1316 1718 1383 1791; x_wconf 87' lang='lat' dir='ltr'>de.</span> 
     </span>
     <span class='ocr_line' id='line_1_10' title="bbox 400 1834 1452 1936; baseline 0 -18"><span class='ocrx_word' id='word_1_63' title='bbox 400 1843 549 1921; x_wconf 88' lang='lat' dir='ltr'>mulceri</span> <span class='ocrx_word' id='word_1_64' title='bbox 566 1843 639 1916; x_wconf 89' lang='lat' dir='ltr'>istis</span> <span class='ocrx_word' id='word_1_65' title='bbox 653 1834 900 1916; x_wconf 86' lang='lat' dir='ltr'>delinimentis</span> <span class='ocrx_word' id='word_1_66' title='bbox 915 1838 1030 1911; x_wconf 91' lang='lat' dir='ltr'>animi</span> <span class='ocrx_word' id='word_1_67' title='bbox 1046 1862 1121 1911; x_wconf 94' lang='lat' dir='ltr'>non</span> <span class='ocrx_word' id='word_1_68' title='bbox 1135 1838 1290 1936; x_wconf 74' lang='lat' dir='ltr'>poliunt,</span> <span class='ocrx_word' id='word_1_69' title='bbox 1313 1842 1384 1918; x_wconf 84' lang='lat' dir='ltr'>nifi</span> <span class='ocrx_word' id='word_1_70' title='bbox 1447 1841 1452 1853; x_wconf 76' lang='grc'><strong>”</strong></span> 
     </span>
     <span class='ocr_line' id='line_1_11' title="bbox 399 1962 1383 2062; baseline -0.005 -15"><span class='ocrx_word' id='word_1_71' title='bbox 399 1972 446 2049; x_wconf 84' lang='lat' dir='ltr'>ab</span> <span class='ocrx_word' id='word_1_72' title='bbox 472 1970 625 2062; x_wconf 59' lang='lat' dir='ltr'>‚urbanae</span> <span class='ocrx_word' id='word_1_73' title='bbox 656 1968 743 2040; x_wconf 86' lang='lat' dir='ltr'>vitae</span> <span class='ocrx_word' id='word_1_74' title='bbox 762 1966 865 2044; x_wconf 86' lang='lat' dir='ltr'>curis</span> <span class='ocrx_word' id='word_1_75' title='bbox 896 1986 939 2037; x_wconf 92' lang='lat' dir='ltr'>ac</span> <span class='ocrx_word' id='word_1_76' title='bbox 970 1962 1142 2041; x_wconf 86' lang='lat' dir='ltr'>molestiis</span> <span class='ocrx_word' id='word_1_77' title='bbox 1173 1969 1311 2045; x_wconf 88' lang='lat' dir='ltr'>avocati</span> <span class='ocrx_word' id='word_1_78' title='bbox 1341 1971 1383 2043; x_wconf 91' lang='lat' dir='ltr'>in</span> 
     </span>
     <span class='ocr_line' id='line_1_12' title="bbox 331 2071 1386 2191; baseline -0.001 -25"><span class='ocrx_word' id='word_1_79' title='bbox 331 2071 333 2073; x_wconf 7' lang='lat' dir='ltr'>V</span> <span class='ocrx_word' id='word_1_80' title='bbox 400 2093 496 2191; x_wconf 83' lang='lat' dir='ltr'>agris</span> <span class='ocrx_word' id='word_1_81' title='bbox 512 2089 680 2185; x_wconf 78' lang='lat' dir='ltr'>silvisque</span> <span class='ocrx_word' id='word_1_82' title='bbox 694 2089 787 2162; x_wconf 86' lang='lat' dir='ltr'>inter</span> <span class='ocrx_word' id='word_1_83' title='bbox 801 2110 929 2185; x_wconf 84' lang='lat' dir='ltr'>greges</span> <span class='ocrx_word' id='word_1_84' title='bbox 949 2102 985 2159; x_wconf 93' lang='lat' dir='ltr'>et</span> <span class='ocrx_word' id='word_1_85' title='bbox 1011 2103 1172 2158; x_wconf 87' lang='lat' dir='ltr'>armenta</span> <span class='ocrx_word' id='word_1_86' title='bbox 1194 2105 1229 2160; x_wconf 92' lang='lat' dir='ltr'>et</span> <span class='ocrx_word' id='word_1_87' title='bbox 1244 2096 1386 2187; x_wconf 77' lang='lat' dir='ltr'>pecoris</span> 
     </span>
     <span class='ocr_line' id='line_1_13' title="bbox 307 2211 1468 2313; baseline -0.002 -21"><span class='ocrx_word' id='word_1_88' title='bbox 307 2244 310 2253; x_wconf 81' lang='grc'>’</span> <span class='ocrx_word' id='word_1_89' title='bbox 402 2216 590 2313; x_wconf 85' lang='lat' dir='ltr'>magistros</span> <span class='ocrx_word' id='word_1_90' title='bbox 617 2212 746 2285; x_wconf 90' lang='lat' dir='ltr'>versari</span> <span class='ocrx_word' id='word_1_91' title='bbox 777 2211 1004 2299; x_wconf 89' lang='lat' dir='ltr'>videbuntur,</span> <span class='ocrx_word' id='word_1_92' title='bbox 1029 2229 1137 2309; x_wconf 90' lang='lat' dir='ltr'>atque</span> <span class='ocrx_word' id='word_1_93' title='bbox 1161 2216 1199 2286; x_wconf 85' lang='lat' dir='ltr'>id</span> <span class='ocrx_word' id='word_1_94' title='bbox 1220 2217 1388 2292; x_wconf 76' lang='lat' dir='ltr'>curabitur</span> <span class='ocrx_word' id='word_1_95' title='bbox 1442 2259 1468 2308; x_wconf 70' lang='lat' dir='ltr'><em>y</em></span> 
     </span>
     <span class='ocr_line' id='line_1_14' title="bbox 402 2338 1386 2438; baseline 0.002 -24"><span class='ocrx_word' id='word_1_96' title='bbox 402 2364 425 2414; x_wconf 84' lang='lat' dir='ltr'>a</span> <span class='ocrx_word' id='word_1_97' title='bbox 448 2338 566 2438; x_wconf 79' lang='lat' dir='ltr'>poe&#39;ta,</span> <span class='ocrx_word' id='word_1_98' title='bbox 583 2354 621 2413; x_wconf 90' lang='lat' dir='ltr'>ut</span> <span class='ocrx_word' id='word_1_99' title='bbox 650 2364 689 2411; x_wconf 85' lang='lat' dir='ltr'>ue</span> <span class='ocrx_word' id='word_1_100' title='bbox 713 2340 793 2437; x_wconf 86' lang='lat' dir='ltr'>quid</span> <span class='ocrx_word' id='word_1_101' title='bbox 801 2339 923 2435; x_wconf 85' lang='lat' dir='ltr'>subeat</span> <span class='ocrx_word' id='word_1_102' title='bbox 948 2341 1080 2426; x_wconf 85' lang='lat' dir='ltr'>animos,</span> <span class='ocrx_word' id='word_1_103' title='bbox 1103 2340 1186 2435; x_wconf 85' lang='lat' dir='ltr'>quad</span> <span class='ocrx_word' id='word_1_104' title='bbox 1203 2341 1386 2436; x_wconf 75' lang='lat' dir='ltr'>molestiam,</span> 
     </span>
     <span class='ocr_line' id='line_1_15' title="bbox 401 2462 1487 2570; baseline 0 -29"><span class='ocrx_word' id='word_1_105' title='bbox 401 2470 599 2570; x_wconf 77' lang='lat' dir='ltr'>tenuitatem,</span> <span class='ocrx_word' id='word_1_106' title='bbox 621 2490 660 2538; x_wconf 87' lang='lat' dir='ltr'>ac</span> <span class='ocrx_word' id='word_1_107' title='bbox 668 2467 783 2559; x_wconf 78' lang='lat' dir='ltr'>sordes</span> <span class='ocrx_word' id='word_1_108' title='bbox 805 2462 896 2560; x_wconf 76' lang='lat' dir='ltr'>isitius</span> <span class='ocrx_word' id='word_1_109' title='bbox 921 2468 1002 2538; x_wconf 77' lang='lat' dir='ltr'>vitu</span> <span class='ocrx_word' id='word_1_110' title='bbox 1030 2468 1073 2548; x_wconf 80' lang='lat' dir='ltr'>in¹</span> <span class='ocrx_word' id='word_1_111' title='bbox 1089 2470 1267 2539; x_wconf 71' lang='lat' dir='ltr'>memoriam</span> <span class='ocrx_word' id='word_1_112' title='bbox 1288 2493 1385 2541; x_wconf 83' lang='lat' dir='ltr'>revu-</span> <span class='ocrx_word' id='word_1_113' title='bbox 1485 2494 1487 2498; x_wconf 51' lang='lat'><strong><em>⁴</em></strong></span> 
     </span>
     <span class='ocr_line' id='line_1_16' title="bbox 403 2591 1386 2690; baseline 0.002 -23"><span class='ocrx_word' id='word_1_114' title='bbox 403 2608 462 2681; x_wconf 86' lang='lat' dir='ltr'>cet,</span> <span class='ocrx_word' id='word_1_115' title='bbox 480 2594 638 2690; x_wconf 87' lang='lat' dir='ltr'>adeoque</span> <span class='ocrx_word' id='word_1_116' title='bbox 654 2591 890 2666; x_wconf 87' lang='lat' dir='ltr'>suaviffimam</span> <span class='ocrx_word' id='word_1_117' title='bbox 910 2593 1009 2665; x_wconf 88' lang='lat' dir='ltr'>illam</span> <span class='ocrx_word' id='word_1_118' title='bbox 1029 2592 1216 2665; x_wconf 91' lang='lat' dir='ltr'>oculorum</span> <span class='ocrx_word' id='word_1_119' title='bbox 1233 2591 1386 2669; x_wconf 85' lang='lat' dir='ltr'>fascina-</span> 
     </span>
     <span class='ocr_line' id='line_1_17' title="bbox 340 2709 1385 2821; baseline 0.003 -30"><span class='ocrx_word' id='word_1_120' title='bbox 340 2709 343 2716; x_wconf 38' lang='lat'><em>*</em></span> <span class='ocrx_word' id='word_1_121' title='bbox 403 2717 687 2807; x_wconf 23' lang='lat' dir='ltr'>tionem-solvan</span> <span class='ocrx_word' id='word_1_122' title='bbox 713 2740 784 2813; x_wconf 91' lang='lat' dir='ltr'>qua</span> <span class='ocrx_word' id='word_1_123' title='bbox 799 2716 875 2813; x_wconf 88' lang='lat' dir='ltr'>ipsa</span> <span class='ocrx_word' id='word_1_124' title='bbox 889 2715 935 2789; x_wconf 90' lang='lat' dir='ltr'>de</span> <span class='ocrx_word' id='word_1_125' title='bbox 950 2716 1066 2790; x_wconf 77' lang='lat' dir='ltr'>caussa</span> <span class='ocrx_word' id='word_1_126' title='bbox 1093 2716 1229 2789; x_wconf 69' lang='lat' dir='ltr'>saelum</span> <span class='ocrx_word' id='word_1_127' title='bbox 1247 2720 1319 2821; x_wconf 73' lang='lat' dir='ltr'>est,</span> <span class='ocrx_word' id='word_1_128' title='bbox 1344 2728 1385 2794; x_wconf 86' lang='lat' dir='ltr'>ut</span> 
     </span>
     <span class='ocr_line' id='line_1_18' title="bbox 356 2840 1458 2941; baseline 0 -27"><span class='ocrx_word' id='word_1_129' title='bbox 356 2859 358 2862; x_wconf 79' lang='grc'>’</span> <span class='ocrx_word' id='word_1_130' title='bbox 393 2845 568 2941; x_wconf 59' lang='grc' dir='ltr'>7ραχῖονὶῑιίι</span> <span class='ocrx_word' id='word_1_131' title='bbox 590 2842 723 2939; x_wconf 87' lang='lat' dir='ltr'>potius,</span> <span class='ocrx_word' id='word_1_132' title='bbox 748 2862 858 2935; x_wconf 90' lang='lat' dir='ltr'>quarn</span> <span class='ocrx_word' id='word_1_133' title='bbox 885 2840 1036 2913; x_wconf 93' lang='lat' dir='ltr'>omnino</span> <span class='ocrx_word' id='word_1_134' title='bbox 1063 2840 1191 2911; x_wconf 87' lang='lat' dir='ltr'>rustica</span> <span class='ocrx_word' id='word_1_135' title='bbox 1214 2840 1299 2929; x_wconf 89' lang='lat' dir='ltr'>vita,</span> <span class='ocrx_word' id='word_1_136' title='bbox 1323 2860 1387 2914; x_wconf 86' lang='lat' dir='ltr'>aur</span> <span class='ocrx_word' id='word_1_137' title='bbox 1454 2886 1458 2895; x_wconf 32' lang='grc' dir='ltr'>κ</span> 
     </span>
     <span class='ocr_line' id='line_1_19' title="bbox 356 2962 1386 3060; baseline -0.009 -15"><span class='ocrx_word' id='word_1_138' title='bbox 356 3040 359 3045; x_wconf 25' lang='lat' dir='ltr'>f</span> <span class='ocrx_word' id='word_1_139' title='bbox 403 2986 584 3039; x_wconf 88' lang='lat' dir='ltr'>aratorum</span> <span class='ocrx_word' id='word_1_140' title='bbox 610 2980 646 3036; x_wconf 90' lang='lat' dir='ltr'>et</span> <span class='ocrx_word' id='word_1_141' title='bbox 675 2986 764 3060; x_wconf 90' lang='lat' dir='ltr'>opus</span> <span class='ocrx_word' id='word_1_142' title='bbox 792 2963 965 3037; x_wconf 90' lang='lat' dir='ltr'>rusticum</span> <span class='ocrx_word' id='word_1_143' title='bbox 988 2962 1198 3035; x_wconf 88' lang='lat' dir='ltr'>facientium</span> <span class='ocrx_word' id='word_1_144' title='bbox 1224 2964 1386 3036; x_wconf 90' lang='lat' dir='ltr'>conditio</span> 
     </span>
     <span class='ocr_line' id='line_1_20' title="bbox 403 3080 1388 3183; baseline 0.002 -23"><span class='ocrx_word' id='word_1_145' title='bbox 403 3088 441 3160; x_wconf 92' lang='lat' dir='ltr'>in</span> <span class='ocrx_word' id='word_1_146' title='bbox 468 3090 537 3162; x_wconf 92' lang='lat' dir='ltr'>hoc</span> <span class='ocrx_word' id='word_1_147' title='bbox 555 3088 713 3161; x_wconf 88' lang='lat' dir='ltr'>carmine</span> <span class='ocrx_word' id='word_1_148' title='bbox 742 3087 978 3174; x_wconf 86' lang='lat' dir='ltr'>exhiberetur,</span> <span class='ocrx_word' id='word_1_149' title='bbox 1006 3110 1091 3159; x_wconf 92' lang='lat' dir='ltr'>cum</span> <span class='ocrx_word' id='word_1_150' title='bbox 1126 3087 1205 3159; x_wconf 88' lang='lat' dir='ltr'>haec</span> <span class='ocrx_word' id='word_1_151' title='bbox 1238 3080 1388 3183; x_wconf 81' lang='lat' dir='ltr'>quidem</span> 
     </span>
     <span class='ocr_line' id='line_1_21' title="bbox 405 3208 1387 3307; baseline -0.009 -24"><span class='ocrx_word' id='word_1_152' title='bbox 405 3212 525 3307; x_wconf 88' lang='lat' dir='ltr'>paullo</span> <span class='ocrx_word' id='word_1_153' title='bbox 540 3212 621 3307; x_wconf 88' lang='lat' dir='ltr'>plus</span> <span class='ocrx_word' id='word_1_154' title='bbox 642 3208 846 3282; x_wconf 84' lang='lat' dir='ltr'>offenfionis</span> <span class='ocrx_word' id='word_1_155' title='bbox 872 3209 1032 3295; x_wconf 90' lang='lat' dir='ltr'>haberet,</span> <span class='ocrx_word' id='word_1_156' title='bbox 1056 3231 1120 3280; x_wconf 92' lang='lat' dir='ltr'>nec</span> <span class='ocrx_word' id='word_1_157' title='bbox 1148 3208 1252 3281; x_wconf 86' lang='lat' dir='ltr'>facile</span> <span class='ocrx_word' id='word_1_158' title='bbox 1273 3232 1312 3292; x_wconf 92' lang='lat' dir='ltr'>ea</span> <span class='ocrx_word' id='word_1_159' title='bbox 1333 3210 1387 3284; x_wconf 84' lang='lat' dir='ltr'>la.</span> 
     </span>
     <span class='ocr_line' id='line_1_22' title="bbox 406 3331 1387 3432; baseline 0.001 -24"><span class='ocrx_word' id='word_1_160' title='bbox 406 3336 535 3408; x_wconf 92' lang='lat' dir='ltr'>borum</span> <span class='ocrx_word' id='word_1_161' title='bbox 566 3333 687 3422; x_wconf 82' lang='lat' dir='ltr'>taedio,</span> <span class='ocrx_word' id='word_1_162' title='bbox 724 3350 761 3405; x_wconf 93' lang='lat' dir='ltr'>et</span> <span class='ocrx_word' id='word_1_163' title='bbox 791 3332 906 3405; x_wconf 84' lang='lat' dir='ltr'>attriti</span> <span class='ocrx_word' id='word_1_164' title='bbox 932 3333 1093 3428; x_wconf 89' lang='lat' dir='ltr'>corporis</span> <span class='ocrx_word' id='word_1_165' title='bbox 1130 3331 1387 3432; x_wconf 87' lang='lat' dir='ltr'>defatigatione</span> 
     </span>
     <span class='ocr_line' id='line_1_23' title="bbox 407 3434 1387 3554; baseline 0 -25"><span class='ocrx_word' id='word_1_166' title='bbox 407 3459 632 3550; x_wconf 88' lang='lat' dir='ltr'>omninoque·</span> <span class='ocrx_word' id='word_1_167' title='bbox 648 3453 817 3525; x_wconf 88' lang='lat' dir='ltr'>aerumnis</span> <span class='ocrx_word' id='word_1_168' title='bbox 836 3452 917 3540; x_wconf 87' lang='lat' dir='ltr'>luis,</span> <span class='ocrx_word' id='word_1_169' title='bbox 941 3434 1058 3549; x_wconf 86' lang='lat' dir='ltr'>po&#39;e&#39;tae</span> <span class='ocrx_word' id='word_1_170' title='bbox 1085 3472 1159 3525; x_wconf 90' lang='lat' dir='ltr'>arte</span> <span class='ocrx_word' id='word_1_171' title='bbox 1186 3476 1221 3527; x_wconf 91' lang='lat' dir='ltr'>et</span> <span class='ocrx_word' id='word_1_172' title='bbox 1241 3456 1387 3554; x_wconf 86' lang='lat' dir='ltr'>ingenio</span> 
     </span>
     <span class='ocr_line' id='line_1_24' title="bbox 406 3574 1388 3677; baseline 0.002 -25"><span class='ocrx_word' id='word_1_173' title='bbox 406 3577 549 3652; x_wconf 88' lang='lat' dir='ltr'>liberari</span> <span class='ocrx_word' id='word_1_174' title='bbox 564 3574 687 3672; x_wconf 83' lang='lat' dir='ltr'>pollet.</span> <span class='ocrx_word' id='word_1_175' title='bbox 739 3576 810 3648; x_wconf 90' lang='lat' dir='ltr'>Sed</span> <span class='ocrx_word' id='word_1_176' title='bbox 827 3577 904 3648; x_wconf 90' lang='lat' dir='ltr'>haec</span> <span class='ocrx_word' id='word_1_177' title='bbox 922 3601 942 3648; x_wconf 92' lang='lat' dir='ltr'>a</span> <span class='ocrx_word' id='word_1_178' title='bbox 960 3578 1083 3648; x_wconf 89' lang='lat' dir='ltr'>multis</span> <span class='ocrx_word' id='word_1_179' title='bbox 1100 3576 1180 3649; x_wconf 88' lang='lat' dir='ltr'>satis</span> <span class='ocrx_word' id='word_1_180' title='bbox 1196 3579 1388 3677; x_wconf 86' lang='lat' dir='ltr'>diligenter</span> 
     </span>
     <span class='ocr_line' id='line_1_25' title="bbox 406 3699 1389 3799; baseline -0.006 -23"><span class='ocrx_word' id='word_1_181' title='bbox 406 3703 486 3777; x_wconf 84' lang='lat' dir='ltr'>sunt</span> <span class='ocrx_word' id='word_1_182' title='bbox 502 3720 681 3799; x_wconf 70' lang='lat' dir='ltr'>praecepta</span> <span class='ocrx_word' id='word_1_183' title='bbox 703 3720 738 3774; x_wconf 91' lang='lat' dir='ltr'>et</span> <span class='ocrx_word' id='word_1_184' title='bbox 754 3702 800 3773; x_wconf 92' lang='lat' dir='ltr'>ad</span> <span class='ocrx_word' id='word_1_185' title='bbox 819 3702 939 3797; x_wconf 90' lang='lat' dir='ltr'>prima</span> <span class='ocrx_word' id='word_1_186' title='bbox 953 3699 1056 3798; x_wconf 84' lang='lat' dir='ltr'>hujus</span> <span class='ocrx_word' id='word_1_187' title='bbox 1073 3703 1213 3797; x_wconf 86' lang='lat' dir='ltr'>generis</span> <span class='ocrx_word' id='word_1_188' title='bbox 1230 3703 1389 3778; x_wconf 73' lang='lat' dir='ltr'>elemen-</span> 
     </span>
     <span class='ocr_line' id='line_1_26' title="bbox 406 3802 1336 3926; baseline -0.002 -28"><span class='ocrx_word' id='word_1_189' title='bbox 406 3846 442 3899; x_wconf 91' lang='lat' dir='ltr'>ta</span> <span class='ocrx_word' id='word_1_190' title='bbox 463 3825 638 3922; x_wconf 92' lang='lat' dir='ltr'>pertinere</span> <span class='ocrx_word' id='word_1_191' title='bbox 653 3802 812 3920; x_wconf 90' lang='lat' dir='ltr'>putanda</span> <span class='ocrx_word' id='word_1_192' title='bbox 829 3821 920 3926; x_wconf 81' lang='lat' dir='ltr'>sunt.</span> <span class='ocrx_word' id='word_1_193' title='bbox 971 3814 1098 3919; x_wconf 87' lang='lat' dir='ltr'>Itaque</span> <span class='ocrx_word' id='word_1_194' title='bbox 1334 3813 1336 3816; x_wconf 47' lang='grc'>’</span> 
     </span>
    </p>
   </div>
   <div class='ocr_carea' id='block_1_5' title="bbox 388 4050 1429 4508">
    <p class='ocr_par' dir='ltr' id='par_1_5' title="bbox 406 4050 1429 4441">
     <span class='ocr_line' id='line_1_27' title="bbox 410 4050 1389 4133; baseline 0.005 -24"><span class='ocrx_word' id='word_1_195' title='bbox 410 4108 413 4114; x_wconf 86' lang='grc'><strong><em>,</em></strong></span> <span class='ocrx_word' id='word_1_196' title='bbox 444 4052 463 4085; x_wconf 71' lang='lat'>⁴*</span> <span class='ocrx_word' id='word_1_197' title='bbox 484 4052 629 4131; x_wconf 85' lang='lat' dir='ltr'>Appellare</span> <span class='ocrx_word' id='word_1_198' title='bbox 649 4050 714 4108; x_wconf 86' lang='lat' dir='ltr'>licet</span> <span class='ocrx_word' id='word_1_199' title='bbox 737 4050 807 4107; x_wconf 89' lang='lat' dir='ltr'>hanc</span> <span class='ocrx_word' id='word_1_200' title='bbox 831 4067 874 4105; x_wconf 92' lang='lat' dir='ltr'>ar·</span> <span class='ocrx_word' id='word_1_201' title='bbox 922 4069 984 4107; x_wconf 82' lang='lat' dir='ltr'>curn</span> <span class='ocrx_word' id='word_1_202' title='bbox 1007 4070 1058 4128; x_wconf 74' lang='lat' dir='ltr'>pro</span> <span class='ocrx_word' id='word_1_203' title='bbox 1077 4051 1206 4110; x_wconf 85' lang='lat' dir='ltr'>dramatis</span> <span class='ocrx_word' id='word_1_204' title='bbox 1227 4074 1325 4133; x_wconf 86' lang='lat' dir='ltr'>genere</span> <span class='ocrx_word' id='word_1_205' title='bbox 1340 4056 1389 4114; x_wconf 90' lang='lat' dir='ltr'>ha-</span> 
     </span>
     <span class='ocr_line' id='line_1_28' title="bbox 406 4126 1429 4207; baseline 0.005 -21"><span class='ocrx_word' id='word_1_206' title='bbox 406 4144 564 4207; x_wconf 85' lang='lat' dir='ltr'>gumentum</span> <span class='ocrx_word' id='word_1_207' title='bbox 585 4127 718 4187; x_wconf 71' lang='lat' dir='ltr'>trailandi</span> <span class='ocrx_word' id='word_1_208' title='bbox 741 4126 882 4184; x_wconf 85' lang='lat' dir='ltr'>rationem</span> <span class='ocrx_word' id='word_1_209' title='bbox 921 4126 992 4193; x_wconf 80' lang='lat' dir='ltr'>beri,</span> <span class='ocrx_word' id='word_1_210' title='bbox 1012 4143 1059 4185; x_wconf 88' lang='lat' dir='ltr'>aut</span> <span class='ocrx_word' id='word_1_211' title='bbox 1071 4129 1135 4186; x_wconf 89' lang='lat' dir='ltr'>iude</span> <span class='ocrx_word' id='word_1_212' title='bbox 1148 4132 1258 4190; x_wconf 71' lang='lat' dir='ltr'>dutlum</span> <span class='ocrx_word' id='word_1_213' title='bbox 1268 4136 1329 4199; x_wconf 78' lang='lat' dir='ltr'>elie,</span> <span class='ocrx_word' id='word_1_214' title='bbox 1342 4146 1389 4190; x_wconf 89' lang='lat' dir='ltr'>aut</span> <span class='ocrx_word' id='word_1_215' title='bbox 1420 4137 1429 4152; x_wconf 74' lang='grc'><em>“</em></span> 
     </span>
     <span class='ocr_line' id='line_1_29' title="bbox 406 4204 1390 4285; baseline 0.004 -22"><span class='ocrx_word' id='word_1_216' title='bbox 406 4210 583 4273; x_wconf 85' lang='lat' dir='ltr'>dramaticum,</span> <span class='ocrx_word' id='word_1_217' title='bbox 596 4204 725 4283; x_wconf 89' lang='lat' dir='ltr'>quoniam</span> <span class='ocrx_word' id='word_1_218' title='bbox 736 4204 810 4261; x_wconf 88' lang='lat' dir='ltr'>aliud</span> <span class='ocrx_word' id='word_1_219' title='bbox 824 4223 873 4260; x_wconf 93' lang='lat' dir='ltr'>no·</span> <span class='ocrx_word' id='word_1_220' title='bbox 920 4223 984 4261; x_wconf 89' lang='lat' dir='ltr'>cum</span> <span class='ocrx_word' id='word_1_221' title='bbox 1006 4206 1099 4264; x_wconf 89' lang='lat' dir='ltr'>Mimo</span> <span class='ocrx_word' id='word_1_222' title='bbox 1121 4207 1278 4285; x_wconf 87' lang='lat' dir='ltr'>Sophronis,</span> <span class='ocrx_word' id='word_1_223' title='bbox 1303 4210 1390 4268; x_wconf 91' lang='lat' dir='ltr'>multo</span> 
     </span>
     <span class='ocr_line' id='line_1_30' title="bbox 407 4280 1390 4360; baseline 0.004 -20"><span class='ocrx_word' id='word_1_224' title='bbox 407 4303 480 4352; x_wconf 90' lang='lat' dir='ltr'>men,</span> <span class='ocrx_word' id='word_1_225' title='bbox 494 4284 567 4360; x_wconf 91' lang='lat' dir='ltr'>quod</span> <span class='ocrx_word' id='word_1_226' title='bbox 581 4284 666 4360; x_wconf 82' lang='lat' dir='ltr'>magis</span> <span class='ocrx_word' id='word_1_227' title='bbox 683 4280 873 4339; x_wconf 84' lang='lat' dir='ltr'>accommoda·</span> <span class='ocrx_word' id='word_1_228' title='bbox 921 4282 1009 4341; x_wconf 85' lang='lat' dir='ltr'>minus</span> <span class='ocrx_word' id='word_1_229' title='bbox 1022 4304 1085 4341; x_wconf 88' lang='lat' dir='ltr'>curn</span> <span class='ocrx_word' id='word_1_230' title='bbox 1094 4282 1193 4341; x_wconf 86' lang='lat' dir='ltr'>Mimis</span> <span class='ocrx_word' id='word_1_231' title='bbox 1203 4286 1390 4346; x_wconf 88' lang='lat' dir='ltr'>Romanorum</span> 
     </span>
     <span class='ocr_line' id='line_1_31' title="bbox 407 4358 1350 4441; baseline 0.006 -24"><span class='ocrx_word' id='word_1_232' title='bbox 407 4375 465 4417; x_wconf 90' lang='lat' dir='ltr'>tum</span> <span class='ocrx_word' id='word_1_233' title='bbox 488 4361 531 4428; x_wconf 79' lang='lat' dir='ltr'>stt,</span> <span class='ocrx_word' id='word_1_234' title='bbox 551 4380 606 4417; x_wconf 93' lang='lat' dir='ltr'>non</span> <span class='ocrx_word' id='word_1_235' title='bbox 633 4359 768 4417; x_wconf 85' lang='lat' dir='ltr'>habemus.</span> <span class='ocrx_word' id='word_1_236' title='bbox 810 4358 872 4416; x_wconf 89' lang='lat' dir='ltr'>Nec</span> <span class='ocrx_word' id='word_1_237' title='bbox 920 4362 1241 4440; x_wconf 80' lang='lat' dir='ltr'>comparandum,videri</span> <span class='ocrx_word' id='word_1_238' title='bbox 1255 4363 1350 4441; x_wconf 84' lang='lat' dir='ltr'>potest.</span> 
     </span>
    </p>

    <p class='ocr_par' dir='ltr' id='par_1_6' title="bbox 388 4434 873 4508">
     <span class='ocr_line' id='line_1_32' title="bbox 388 4434 873 4508; baseline 0.004 -15"><span class='ocrx_word' id='word_1_239' title='bbox 388 4482 391 4486; x_wconf 93' lang='lat'>.</span> <span class='ocrx_word' id='word_1_240' title='bbox 408 4440 497 4508; x_wconf 84' lang='lat' dir='ltr'>tamen</span> <span class='ocrx_word' id='word_1_241' title='bbox 519 4437 563 4496; x_wconf 81' lang='lat' dir='ltr'>vel</span> <span class='ocrx_word' id='word_1_242' title='bbox 585 4436 622 4496; x_wconf 83' lang='lat' dir='ltr'>stc</span> <span class='ocrx_word' id='word_1_243' title='bbox 641 4456 750 4495; x_wconf 88' lang='lat' dir='ltr'>carmen</span> <span class='ocrx_word' id='word_1_244' title='bbox 766 4434 873 4495; x_wconf 88' lang='lat' dir='ltr'>bucoli-</span> 
     </span>
    </p>
   </div>
   <div class='ocr_carea' id='block_1_6' title="bbox 1353 4525 1392 4626">
    <p class='ocr_par' dir='ltr' id='par_1_7' title="bbox 1353 4525 1392 4626">
     <span class='ocr_line' id='line_1_33' title="bbox 1353 4525 1392 4626; baseline 0.026 -1"><span class='ocrx_word' id='word_1_245' title='bbox 1353 4525 1392 4626; x_wconf 79' lang='lat' dir='ltr'>n</span> 
     </span>
    </p>
   </div>
   <div class='ocr_carea' id='block_1_7' title="bbox 0 0 1807 5509">
    <p class='ocr_par' dir='ltr' id='par_1_8' title="bbox 0 0 1807 5509">
     <span class='ocr_line' id='line_1_34' title="bbox 0 0 1807 5509; baseline 0 0"><span class='ocrx_word' id='word_1_246' title='bbox 0 0 1807 5509; x_wconf 95' lang='lat' dir='ltr'> </span> 
     </span>
    </p>
   </div>
  </div>
 </body>
</html>
