3575 5509
425 701 518 755 xm
703 676 783 751 nn
832 623 1120 755 v1nc1n11
1253 624 1256 629 ’

350 932 352 937 ·
427 877 620 964 Secundus,
657 876 694 950 in
726 877 851 953 eadem
883 880 988 977 praef.
1007 905 1106 979 pag.
1141 881 1226 958 XL.
1271 888 1399 982 Differ.

423 1007 550 1079 tazione
576 1002 629 1074 del
653 1000 762 1073 Codice
792 1000 987 1097 Aproniano,
1017 1006 1096 1075 dali’
1122 1004 1248 1080 Aooaoe
1272 1010 1398 1103 Sestini.

423 1123 576 1200 strenze.
616 1140 651 1195 et
685 1121 881 1227 FoggInius
912 1124 949 1196 in
979 1126 1083 1223 praef.
1139 1128 1306 1227 Namque
1337 1136 1401 1208 hic·

308 1341 310 1353 .
422 1245 557 1325 dooiff.
590 1248 647 1319 vir
677 1264 796 1321 totum
834 1247 1000 1321 codicem
1038 1251 1166 1325 litteris
1196 1256 1399 1354 majusculis

423 1371 552 1445 excudi
568 1371 716 1457 curavit,
732 1369 800 1442 hoc
817 1369 942 1442 titulo:
1058 1397 1063 1414 ¹
1268 1375 1273 1389 '

471 1492 516 1565 P.
536 1493 656 1590 Vergili
671 1493 822 1565 Maronis
837 1493 937 1566 Codex
951 1496 1111 1591 antiquiff.
1135 1523 1156 1570 a
1173 1498 1269 1592 Rufio
1285 1502 1400 1576 Turcio
1487 1524 1489 1528 ·

422 1622 607 1716 Aproniano
635 1623 672 1692 V.
705 1617 741 1690 C.
769 1595 933 1712 distinoui
958 1633 990 1690 et
1016 1621 1205 1708 emendatus,
1230 1629 1288 1719 qui
1316 1650 1399 1699 nunc

423 1750 592 1823 Florentio
615 1750 649 1818 in
671 1744 856 1817 bibliotheca
881 1742 1397 1846 Mediceo-Laurentionaodser.

420 1889 532 1962 votur,
556 1874 629 1945 bono
637 1870 761 1967 publico
776 1872 861 1965 typis
876 1869 1052 1964 descriptus
1069 1868 1207 1942 Florent.
1230 1892 1333 1968 1741,
1343 1939 1345 1944 ,
1355 1903 1393 1968 4.

420 2023 505 2073 cura
523 2004 561 2073 P.
580 1999 705 2072 Franc.
725 1992 910 2092 Fogginii.

469 2120 594 2194 Codex
611 2119 684 2217 ipse
699 2134 857 2191 exaratus
875 2112 977 2186 estin
998 2112 1196 2189 tenuiffima
1215 2121 1399 2194 membra.

362 2254 368 2260 '
417 2269 466 2316 na
494 2242 690 2315 charaibere
720 2237 865 2344 capitali
898 2237 1050 2325 minore,
1074 2238 1246 2314 admixtis
1277 2261 1398 2318 tamen

419 2364 600 2440 nonnullis
618 2359 846 2443 minusculis;
871 2358 1067 2431 interstitiis
1087 2363 1278 2451 verborum
1305 2392 1397 2441 non.

391 2484 392 2488 ’
420 2486 540 2573 nullis,
563 2506 783 2582 quamquam
806 2481 1002 2578 Fogginius
1020 2482 1070 2580 (v.
1088 2485 1192 2580 praef.
1218 2513 1255 2584 p.
1284 2488 1393 2580 XIV)

420 2611 595 2684 distinoois
610 2609 725 2682 verbis
745 2626 782 2681 et
799 2608 939 2705 vulgari
961 2608 1079 2681 nostro
1094 2611 1292 2686 charastere
1307 2638 1403 2711 qua.

381 2795 387 2815 ,
420 2732 524 2806 drato
554 2757 638 2822 eum
661 2732 892 2828 representari
914 2734 1063 2806 curavit.
1113 2732 1236 2807 Plures
1255 2761 1398 2812 correc-

260 2909 263 2916 .
419 2872 522 2941 tores¹
539 2873 702 2952 expertus
721 2856 781 2945 est,
798 2881 832 2929 v.
854 2856 1006 2956 Foggin.
1023 2854 1127 2956 praef.
1145 2882 1182 2953 p.
1208 2858 1317 2931 XIII.
1330 2860 1395 2934 Est

406 3003 457 3062 ‚et
471 2987 540 3059 hoc
556 2984 647 3056 inter
662 2982 779 3055 Iaudes
805 2982 953 3069 codicis,
973 2981 1071 3079 quod
1092 2983 1228 3080 integer
1248 2984 1308 3072 est,
1329 3006 1395 3056 nec

287 3175 296 3186 .
419 3110 485 3182 nisi
501 3098 554 3181 ab¹
568 3107 671 3180 initio
688 3106 734 3179 ad
759 3106 937 3203 Eclogam
965 3105 1123 3177 sextam:
1153 3107 1311 3179 Proetides
1331 3112 1395 3181 im-

414 3237 556 3331 plerunt,
579 3250 792 3306 truncatus..
823 3231 1028 3328 Specimina
1068 3230 1250 3327 scripturae
1287 3233 1396 3304 multi

418 3356 621 3441 exhibuere,
652 3353 817 3425 omnium
846 3343 1101 3427 occuratiffime
1136 3354 1331 3452 Fogginius
1356 3356 1396 3430 in

418 3479 523 3576 praef.
550 3505 588 3576 p.
616 3478 687 3550 XV
719 3493 754 3547 et
781 3500 824 3549 ex
849 3501 892 3550 eo
914 3476 985 3551 PP.
1010 3478 1230 3554 Benedidiini
1254 3483 1300 3557 T.
1325 3482 1395 3575 III,

417 3604 490 3677 tab.
508 3602 670 3677 XXXV.
685 3603 733 3692 II,
750 3601 814 3690 IV,
840 3602 1105 3701 subscriptionis
1129 3624 1262 3694 autem,
1283 3633 1394 3705 quam

418 3729 535 3802 statim
543 3713 1394 3837 memorabimus,Nic.,HeinbusinpraeIVirgilii

417 3850 541 3925 Burm.
573 3877 620 3949 p.
646 3855 826 3929 XXXVI.
879 3855 1025 3931 Codicis
1052 3860 1158 3958 hujus
1184 3860 1395 3933 vetustatem

416 3983 568 4056 min'fice
578 3984 776 4057 extulerunt
786 3984 950 4057 laudibus
964 4003 999 4056 et
1010 4001 1181 4056 ornarunt
1199 3985 1265 4056 viri
1281 3986 1394 4083 dodii.

266 4207 268 4216 Α
377 4107 395 4172 ’.
417 4103 473 4178 Ut
492 4105 647 4179 breviter
657 4123 738 4177 >tota
755 4106 994 4202 disputatione
1015 4106 1266 4203 defungamur,
1285 4111 1408 4188 omne.
1468 4167 1470 4170 .

414 4228 460 4301 de
476 4227 722 4326 eojudicium,
742 4228 821 4322 post
848 4227 1048 4302 litterarum
1071 4228 1324 4317 charadierem,
1349 4254 1393 4302 ex

415 4349 592 4447 adscripto
627 4349 692 4422 sub
733 4349 986 4432 Bucolicorum
1034 4351 1143 4422 finem
1175 4353 1393 4450 *correiioris

415 4474 560 4551 nomine
576 4471 723 4571 pendet.'
770 4472 832 4547 Est
855 4474 885 4547 is
909 4474 1062 4556 Turcius
1085 4474 1212 4551 Rufius
1233 4477 1394 4573 Aproni-

1307 4628 1394 4677 anus
