3575 5509
396 674 511 728 cmv
561 654 602 729 r.
629 651 863 734 mnnonrs
888 609 1103 730 vrnonn
1131 620 1257 735 nm
1328 759 1331 769 Ι

771 858 820 929 U.
849 858 891 929 C.
971 880 1001 930 1.

441 980 497 1053 Cu.
524 981 686 1053 Domitius
712 981 885 1055 Calvinus.
920 882 994 1054 7d‘l.
1023 983 1169 1056 Valerius
1195 936 1351 1083 Messala.

631 1114 663 1161 a.
685 1088 719 1159 C.
741 1112 800 1185 53.
853 1091 985 1188 Virgilii
1004 1099 1156 1187 17-18.

437 1224 622 1301 Hieronymus
647 1226 753 1285 Chron.
782 1226 883 1284 Euseb.
903 1229 937 1286 ad
964 1228 1077 1308 Olymp.
1107 1233 1172 1299 181,
1206 1248 1228 1306 4
1261 1232 1392 1313 Vimiliue

390 1319 480 1390 sicula
501 1332 559 1395 tuga
580 1316 751 1373 molanum
773 1307 972 1398 traulgredituu:
1001 1334 1025 1374 et
1045 1322 1097 1395 post
1119 1319 1198 1377 breve
1218 1336 1312 1397 tempus
1334 1324 1388 1381 Ro-

401 1428 467 1463 mam
475 1413 569 1482 pergit.
608 1404 648 1460 At
666 1406 789 1462 Donatus
810 1404 833 1481 ᾗ.
856 1426 891 1483 7:
914 1408 965 1463 Sed
990 1405 1114 1485 Virgilius
1139 1408 1263 1466 Cremona
1286 1410 1387 1467 Medio-

399 1485 499 1557 lanum,
527 1507 551 1546 et
574 1492 630 1547 iude
649 1491 738 1566 paullo
754 1498 805 1569 pust
826 1493 950 1571 ll'eapulin
974 1498 1137 1574 translit-se
1158 1506 1186 1555 in
1213 1498 1307 1563 Urbem
1327 1507 1385 1558 ctu-

398 1577 467 1636 rulit.
527 1578 599 1637 Uter
630 1580 716 1638 verius
746 1583 859 1651 dixerit,
892 1580 953 1660 quis
989 1585 1104 1643 definire
1129 1586 1211 1644 aufit?
1243 1585 1325 1645 Forte
1350 1608 1389 1647 ne

401 1662 519 1724 Romam
542 1669 652 1745 quidem
677 1669 790 1727 omnino
809 1684 866 1728 tum
893 1673 977 1743 adiit;
1012 1675 1108 1740 amn
1131 1673 1217 1743 adiit,
1233 1672 1264 1732 in
1287 1695 1384 1753 agmm
1447 1700 1449 1704 ·

399 1752 477 1813 suum
498 1776 561 1814 mox
584 1757 610 1814 se
628 1758 756 1827 contulit,
778 1761 851 1838 quod
876 1759 947 1819 inter
971 1761 1035 1820 belli
1063 1760 1153 1821 civilis
1173 1760 1255 1821 initia
1279 1764 1412 1825 factum.

401 1845 451 1902 ene
463 1846 604 1924 probabile
613 1846 653 1905 fit.

332 1977 338 1988 .
441 1934 486 1995 De
505 1936 672 2015 juvenilibus
694 1936 810 2017 Virgilii
834 1940 1006 2019 poematibus
1029 1962 1057 2002 v.
1084 1942 1164 2022 supra
1185 1943 1221 2002 ad
1241 1940 1388 2003 Donatum

401 2023 486 2102 §.alu

424 2152 427 2156 ·
777 2108 827 2180 U.
856 2108 897 2179 C.
925 2128 1008 2207 709.

586 2225 623 2296 C.
639 2225 753 2316 Julius
770 2227 878 2319 Caesur
898 2226 958 2313 lV,
970 2230 1043 2316 stne
1059 2227 1195 2323 Collega.

635 2362 666 2406 a.
689 2337 724 2407 c,
743 2355 801 2429 45.
856 2337 989 2432 ungui
1005 2359 1024 2407 2
1030 2336 1153 2433 5—26.

439 2456 533 2515 Alexin
545 2456 597 2515 hoc
608 2479 679 2516 anno
697 2458 827 2537 scriptum
848 2459 975 2536 conjicit,
988 2462 1105 2539 primam
1117 2471 1188 2519 cette
1198 2457 1328 2537 omnium
1336 2476 1385 2515 ee·

401 2550 524 2628 logarum
537 2548 615 2606 fuille.
627 2551 767 2607 contendit
781 2550 917 2608 Martinus
930 2553 960 2609 in
970 2553 1027 2609 vita
1040 2551 1121 2629 Virg.
1141 2570 1169 2629 p.
1183 2547 1335 2616 XXXIV,
1353 2560 1387 2607 et

401 2640 435 2698 ad
450 2639 510 2697 Ecl.
532 2638 573 2708 V,
594 2643 639 2699 86.
680 2639 722 2696 Ex
736 2640 822 2698 verbis
835 2641 908 2698 enim
926 2641 1005 2717 hujus
1024 2643 1146 2721 eelogaezz
1162 2642 1258 2699 Hacte
1269 2645 1382 2725 nussia·

396 2732 449 2811 gili
464 2731 609 2790 donabimus
631 2750 689 2791 aute
708 2742 804 2803 cicuta,·
826 2735 891 2791 Haec
909 2758 961 2802 nus,
982 2735 1121 2809 Formujuur
1144 2733 1258 2809 Corydon
1275 2730 1386 2789 ardebat

399 2824 590 2891 Alexiu,‘Haec
609 2826 693 2882 eudem
710 2826 807 2881 docuit:
830 2826 921 2902 Guium
934 2840 1022 2900 pecus,
1038 2848 1073 2881 an
1095 2823 1240 2881 Meliboei?
1259 2824 1384 2899 eclogam

400 2910 544 2970 secundam
557 2927 584 2969 et
597 2912 703 2970 tertiam
715 2930 778 2970 ante
790 2912 914 2989 quintam
928 2912 1003 2969 luisse
1022 2912 1150 2991 scriptam
1166 2925 1286 2992 apparet.
1328 2909 1383 2967 Vi·

400 3001 481 3060 detur
503 3016 591 3060 autem
611 3001 707 3080 quinta
727 3022 797 3059 anno
819 3021 873 3080 pru
893 3003 968 3059 edita
992 3002 1052 3068 effe,
1072 3017 1102 3059 ut
1125 3020 1191 3059 mox
1217 3000 1386 3066 videbimus,

400 3106 431 3149 ut
452 3094 521 3149 adeo
541 3092 592 3150 hoc
610 3107 681 3149 certe
704 3111 775 3147 anno
795 3092 913 3147 anterior
925 3092 956 3147 fit
970 3090 1075 3150 Alexis.
1112 3091 1175 3166 lam
1188 3109 1279 3148 autern
1302 3090 1380 3159 Mar·

399 3182 472 3239 tinus
489 3198 515 3239 et
526 3184 579 3240 hoc
593 3182 681 3259 ponit,
703 3180 854 3257 Virgilium
867 3180 968 3237 Caluri
987 3194 1083 3237 notum
1103 3180 1191 3247 fuine,
1211 3179 1297 3257 idque
1308 3178 1385 3236 haud

397 3270 481 3327 dubie
500 3270 622 3327 carmine
638 3270 741 3346 aliquo,
760 3270 833 3343 quod
853 3267 940 3345 ipsum
958 3287 1067 3325 carmen
1085 3268 1181 3326 Alexin
1201 3266 1279 3325 inille
1298 3265 1383 3343 suspi-

402 3375 490 3423 catur,
510 3361 631 3435 adeoque
651 3358 681 3415 in
702 3358 773 3414 hunc
787 3377 887 3414 annum
901 3359 1008 3434 rejicit3
1027 3357 1148 3434 sequenti
1161 3358 1321 3416 enimanno
1334 3376 1382 3414 oc·

398 3447 467 3505 cilus
486 3447 541 3505 fuit
561 3447 660 3504 Caesar.
701 3446 798 3513 Vides,
819 3463 848 3503 ut
868 3447 984 3525 suspicio
996 3466 1030 3505 ex
1042 3445 1194 3524 suspicione
1205 3446 1279 3505 nelli
1288 3446 1385 3505 soleat.

398 3536 444 3593 Est
465 3550 554 3593 tamen
577 3536 688 3613 Eclogae
710 3535 739 3591 Π
758 3555 821 3592 cum
844 3552 1031 3614 argumentum
1049 3550 1107 3593 tum
1130 3551 1186 3593 tota
1203 3535 1341 3602 trafittio,
1354 3533 1386 3591 lt
1428 3599 1430 3603 ¹

397 3624 502 3681 sensum
525 3638 613 3690 tuum,
628 3643 683 3679 non
703 3622 870 3698 opinionem,
891 3624 996 3693 audias,
1015 3622 1161 3701 ejusmodi,
1180 3636 1278 3682 utnon
1290 3622 1388 3689 facile,

397 3714 447 3773 aisr
460 3715 489 3771 in
498 3714 619 3791 juvenile
631 3713 783 3793 ingenium,
804 3714 899 3771 cadere
907 3715 993 3792 palin.

769 3831 820 3902 U.
847 3831 890 3903 C.
944 3853 999 3903 10.

563 3946 605 4018 C..
623 3944 737 4033 Julius
755 3943 862 4034 Caesur
875 3853 936 4015 Vl
969 3941 1032 4013 M..
1047 3942 1217 4013 Antonius.

623 4078 654 4125 u.
676 4052 710 4121 C.
728 4078 788 4142 44.
842 4050 974 4145 Virgilii
990 4048 1144 4146 26-27.

433 4176 529 4237 idibus
551 4174 663 4233 Martiis
689 4172 783 4231 Caesar
806 4171 936 4230 ociditur.
976 4170 1062 4229 Varia
1093 4171 1150 4249 post
1181 4173 1239 4250 ejus
1263 4173 1385 4232 mortem

393 4264 533 4346 prodigia,
549 4285 576 4323 v.
601 4262 657 4320 Dio
680 4260 777 4327 XLV,
801 4282 847 4339 17,
868 4259 993 4337 inprimis
1014 4261 1061 4318 Sol
1082 4273 1226 4319 totoanno
1239 4261 1389 4339 pallidior,

393 4376 422 4413 v.
445 4352 515 4412 ibid.
540 4365 568 4410 et
590 4348 725 4407 Plutarch.
753 4348 825 4408 Caes.
848 4365 918 4408 extr.
958 4348 1000 4406 Ea
1021 4362 1217 4407 commemorat
1240 4347 1384 4429 Virgilium

392 4444 499 4519 Georg.
523 4440 549 4508 I,
569 4440 626 4516 466
648 4437 717 4514 sqq„
739 4437 786 4494 ubi
799 4437 836 4495 cf.
865 4436 937 4495 Not.
978 4434 1122 4505 octavius,
1141 4438 1301 4495 testamento
1314 4437 1379 4495 Cau·-

318 4588 324 4604 .
393 4530 458 4591 luris
477 4547 511 4589 ex
538 4526 670 4587 dodrante
690 4525 764 4587 heres
780 4525 916 4586 institutus
938 4538 966 4585 et
987 4524 1018 4584 in
1038 4523 1173 4585 familiam
1192 4524 1308 4583 Caesari's
1332 4539 1385 4585 no·

590 4637 609 4682 2
1266 4632 1383 4701 meoque
