3575 5509
302 732 305 742 .
395 706 452 762 ιιι
668 685 748 761 nn
797 684 1093 780 vinermr

327 926 330 933 ·
396 911 477 961 cem
492 883 718 976 Bellunerssm,
741 882 788 955 ad
805 881 890 956 AEn.
907 882 970 972 IV,
991 889 1057 976 138
1075 900 1262 975 memorat,
1286 886 1375 959 Del·

393 1010 505 1105 phium
522 1004 566 1077 ad
583 1004 666 1078 AEn.
685 1002 753 1090 IX,
778 1004 799 1077 6
805 1025 861 1100 51,
888 1003 1075 1076 Palatinum
1092 1002 1138 1075 ad
1153 1003 1219 1077 lib.
1238 1004 1288 1093 X.
1313 1026 1373 1099 51.
1396 1039 1399 1043 ’

312 1189 316 1198 .
397 1130 518 1203 Etiam
533 1130 651 1226 plures
672 1129 837 1202 Vaticanus
858 1128 1008 1202 versavit
1032 1151 1161 1200 manu:
1194 1126 1267 1201 vid.
1289 1153 1373 1229 eum

397 1253 443 1325 ad
460 1252 545 1326 AEn.
565 1254 648 1340 Vll,
665 1275 748 1343 400.
768 1254 836 1339 IX,
855 1276 936 1327 102.
1023 1340 1026 1343 ⁴
1176 1314 1178 1318 .

449 1377 622 1450 Codicem
647 1400 802 1453 veterem
829 1380 925 1476 apud
953 1378 1077 1469 Janunr
1097 1379 1313 1470 Parrhastum,
1339 1395 1376 1447 et

399 1503 522 1592 alium,
546 1508 579 1575 iu
598 1506 752 1577 Vaticana
767 1506 960 1592 bibliotheca,
976 1530 1083 1602 quern
1100 1478 1218 1578 Frunc.
1237 1505 1377 1577 Petrar-
1416 1498 1418 1503 ’

610 1632 721 1717 aiunt,
747 1630 870 1701 testem
889 1630 1058 1726 producit
1082 1631 1217 1701 Pierius
1237 1627 1284 1700 ad
1305 1624 1374 1699 Ge.

402 1752 471 1841 111,
486 1760 569 1847 348,
594 1753 657 1849 qui
688 1770 807 1823 tamen
833 1752 885 1823 illi
911 1750 979 1823 fint
1003 1771 1064 1823 aut
1089 1752 1230 1840 fuerint,
1256 1751 1377 1827 dicere

403 1901 482 1978 non
500 1877 624 1950 habeo.
677 1875 753 1947 Hic
770 1875 919 1971 quidem
942 1900 986 1948 an
1010 1875 1047 1947 in
1072 1872 1250 1947 Vaticanis
1273 1873 1378 1969 supra

403 1992 694 2071 commemoratis
712 2000 828 2085 lateat,
852 1998 1000 2072 definire
1027 2024 1098 2071 non
1122 1998 1255 2082 aufim;
1281 2016 1378 2069 etan

405 2122 494 2193 alter
518 2122 614 2194 idem
640 2122 683 2194 fit
706 2100 791 2195 eum
815 2146 869 2209 e0‚
893 2123 997 2219 quia
1022 2121 1062 2194 P.
1086 2121 1287 2193 Burmanno
1313 2118 1378 2191 sub

408 2243 618 2332 Parrhffau
634 2248 779 2317 nomine
797 2246 981 2336 excitatur,
1010 2269 1080 2317 non
1097 2242 1215 2316 minus
1233 2239 1397 2340 difficile-

406 2366 455 2437 est
471 2367 727 2465 pronuntiare.¹
815 2378 817 2381 ⁴

748 2576 1042 2627 ψει-εκ

454 2735 556 2807 Alius
572 2735 743 2831 Virgilius
754 2760 839 2809 curn
852 2738 965 2811 Servii
974 2736 1251 2825 Commentariis,
1261 2758 1389 2837 mem*¹

405 2858 608 2949 branaceus,
633 2862 668 2932 in
687 2861 802 2941 fronte
819 2864 943 2959 figuris
959 2861 1103 2960 pistoris
1120 2886 1191 2934 non
1207 2859 1376 2958 ignobilis

405 2982 560 3054 Simonis
577 2984 732 3056 Senensis
749 2974 946 3073 exornatus,
959 2986 1052 3059 notis
1067 3004 1102 3057 et
1117 2981 1235 3082 gloffis
1248 3008 1270 3056 a
1284 2969 1378 3055 mauu

407 3106 594 3178 Perrarchae
609 3099 710 3177 valde
726 3104 966 3201 interpolatus,
996 3106 1040 3177 ad
1064 3108 1216 3178 Fulvium
1234 3106 1392 3196 Urstnum·

404 3244 621 3320 pervenerat,
645 3227 739 3298 unde
753 3227 919 3321 deinceps
936 3251 956 3297 a
975 3227 1069 3300 Curd.
1088 3228 1185 3301 Frid.
1204 3228 1379 3299 Borromaeo

403 3346 441 3415 in
457 3342 683 3419 Bibliothecam
700 3346 931 3436 Ambrostanam
945 3330 1108 3422 adveelus
1126 3351 1205 3423 fuit.
1261 3350 1383 3425 Docet

404 3467 472 3552 hoc
501 3461 542 3539 P.
573 3467 792 3539 Burmannus
818 3470 855 3541 in
881 3472 985 3565 praef.
1014 3473 1169 3571 Virgilii,
1193 3491 1229 3545 et
1250 3492 1379 3570 praeter

404 3584 718 3666 Montfauconium
738 3596 839 3692 Diur.
866 3598 944 3670 Ital.
961 3621 1122 3696 paguo.
1168 3598 1261 3673 Bibl.
1276 3598 1375 3674 Mis.
1399 3592 1401 3596 ¹

404 3709 450 3781 T.
459 3709 486 3797 I,
494 3734 577 3826 pag.
593 3734 610 3808 5
614 3735 673 3807 30,
682 3700 832 3790 aduocat
840 3716 1020 3795 Tornafin.
1034 3722 1212 3795 Petrarch.
1225 3698 1376 3796 rediuiv.

381 3880 383 3890 ·
401 3854 481 3929 cap.
495 3834 586 3923 XV.
600 3862 683 3935 pag.
694 3846 756 3935 87.
809 3838 921 3940 Apud
936 3842 1030 3919 hunc
1044 3872 1128 3943 pag.
1147 3853 1190 3944 85
1207 3841 1378 3945 Virgilius

402 3957 482 4030 Aut.
502 3959 628 4050 Pr'rrhi,
644 3965 773 4041 nobilis
792 3968 999 4059 Ticinenfis,
1021 3971 1193 4046 laudatur.

617 4185 619 4188 '
740 4175 1036 4227 &Q

445 4316 557 4395 Herc.
578 4322 725 4421 elusanus
736 4331 781 4405 ad
797 4332 923 4433 ovid„
941 4335 1034 4408 Met.
1063 4323 1126 4425 VI,
1154 4359 1221 4432 117
1244 4338 1325 4410 loco
1355 4359 1378 4411 a

304 4477 309 4487 ,
400 4439 613 4528 Burmanno.
630 4453 668 4524 in
694 4455 797 4553 praef.
822 4475 945 4532 notato
961 4459 1075 4534 multa
1090 4462 1136 4535 de
1154 4456 1379 4534 vetustiffimo
1428 4561 1430 4564 Ι

1202 4596 1379 4656 memorat
