3575 5509
405 669 469 756 138
544 659 585 729 Ρ.
613 653 891 729 VIRGlLll
943 652 1234 726 MARONlS

397 853 605 932 nDyrrhnchio
623 852 695 911 sedes
715 851 840 913 habuere.
860 863 888 912 u.
914 852 1035 930 Appian.
1058 872 1086 931 p.
1112 872 1142 915 ιι
1149 872 1184 932 35
1209 866 1281 912 extr.
1325 853 1385 915 Dio

398 958 479 1026 XLI,
492 976 519 1014 c.
531 977 581 1034 49,
605 954 699 1032 ibique
713 954 847 1023 Reimar.‚
868 953 935 1013 item
951 955 1030 1031 I’iglr.
1045 955 1146 1011 Annal.
1159 954 1195 1012 ad
1208 975 1278 1032 714,
1298 970 1327 1013 et
1339 957 1383 1015 su·

396 1083 446 1142 pra
457 1061 519 1119 Vir.
533 1057 651 1136 Virgilii
662 1058 715 1115 hoc
727 1077 810 1115 anno.
851 1059 898 1115 Ad
911 1071 1031 1115 extrema
1047 1058 1120 1116 enim
1132 1058 1212 1135 hujus
1230 1059 1308 1126 anni,
1329 1080 1385 1138 quo

400 1164 489 1224 Pollio
508 1163 677 1220 consulatum
701 1160 811 1238 gesserat
830 1158 971 1217 referenda
983 1160 1032 1216 elle
1056 1158 1234 1228 resvidetur3
1255 1183 1320 1221 nam
1345 1163 1384 1221 se·

398 1268 493 1348 quenti
505 1286 577 1325 anno
599 1265 671 1323 VIII
694 1264 759 1322 Kal.
784 1265 859 1323 Nov.
880 1263 1047 1341 triumphum
1063 1263 1099 1320 de
1118 1261 1255 1321 Parthinis
1274 1266 1383 1327 habuit.

398 1371 505 1433 Catroei
528 1370 645 1448 argutias
669 1383 836 1444 veteremque
860 1364 1031 1443 opinionem,
1062 1386 1115 1444 qua
1140 1366 1174 1423 ad
1197 1366 1382 1430 Octavianum

398 1501 506 1543 carmen
518 1481 570 1537 hoc
584 1479 697 1558 spesiare
709 1489 884 1542 memoratur,
904 1475 1013 1553 operose
1026 1473 1125 1533 refellit
1142 1471 1236 1535 Burm.
1258 1477 1293 1533 ad
1307 1499 1335 1534 v.
1350 1483 1381 1540 6.

399 1586 437 1646 cf.
459 1582 576 1642 Martin.
614 1581 750 1638 Caeterum
763 1577 915 1657 comparari
927 1578 1008 1636 uelim
1028 1597 1091 1638 cum
1102 1579 1155 1637 hoc
1167 1580 1288 1639 carmine
1300 1579 1383 1660 Popii

400 1693 496 1768 Pastor.
508 1688 562 1745 HI.
679 1733 688 1748 .

401 2049 1385 2093 w

470 2413 838 2519 ucuoen
926 2365 1312 2511 ocunun

655 2670 1044 2706 Μ

497 2868 740 2943 DAMON.
789 2865 1281 2944 ,ALPHESIBOEUS.

391 3022 635 3148 'Pistonun
655 3070 799 3145 Musam
816 3068 991 3142 Damonis
1006 3087 1040 3142 et
1057 3068 1298 3165 Alphesiboei,
1323 3109 1326 3114 ·
1345 3095 1347 3100 ·
1365 3015 1368 3022 Ι

389 3215 583 3285 'Inmemor
597 3208 789 3282 herbarum
806 3231 894 3304 quos
913 3206 962 3277 est
980 3206 1268 3304 miratajuvcnca
1367 3241 1370 3250 ·

401 3348 591 3433 Cenantis,
606 3369 760 3441 quorum
776 3342 978 3441 stupefaetae
995 3345 1151 3415 carmine
1168 3345 1301 3439 lynocs,

392 3483 449 3586 'Et
467 3496 601 3552 mutata
617 3478 696 3550 suos
710 3479 917 3574 requierunt
929 3477 1077 3549 flumina
1092 3477 1212 3551 cursus
1222 3516 1232 3562 ;
1272 3555 1275 3560 ,
1296 3537 1298 3542 .

400 3616 572 3690 Damonis
588 3614 734 3688 Musam
749 3614 911 3687 dicemus
927 3633 962 3688 et
974 3616 1207 3713 Alphefiboei.
1362 3641 1379 3714 ς

432 3833 456 3881 3.
472 3823 566 3868 carmina
583 3819 651 3870 Leid.
669 3820 714 3868 sec.
734 3817 835 3889 Mentel.
849 3834 886 3885 pr.
906 3830 930 3868 et
948 3836 962 3867 a
979 3835 1012 3868 m.
1025 3834 1063 3883 pr.
1076 3822 1147 3884 ch„
1157 3817 1234 3882 sicque
1245 3818 1290 3866 mL
1300 3820 1382 3884 Leug-

399 3896 475 3954 meh„
484 3908 512 3946 ut
522 3896 550 3946 {it
562 3897 805 3954 Graecismus.-4.
824 3897 856 3943 Et
866 3900 945 3943 mirata
948 3898 998 3960 suas
1010 3896 1047 3943 cd.
1056 3899 1129 3954 Ven,
1139 3894 1204 3958 quod
1217 3893 1273 3942 sune
1289 3894 1383 3960 placere

397 3974 482 4039 potest.
506 3976 547 4037 stro
559 3974 651 4021 Medic.
663 3988 719 4022 am.
731 3988 768 4038 pr.
802 3976 904 4037 liquerunt
915 3971 1024 4022 nonnulli
1032 3972 1095 4021 Pier.
1108 3983 1132 4020 et
1143 3970 1224 4020 lleins.
1238 3987 1294 4019 cum
1306 3969 1383 4020 Goth.

398 4051 452 4110 seo,
461 4067 491 4100 cx
504 4050 601 4100 indocta
611 4050 804 4115 interpolatione.

442 4239 524 4299 1-5.
537 4218 640 4277 Mansit
652 4219 704 4277 hoc
717 4237 751 4276 ex
764 4218 866 4308 prisco·
914 4235 942 4279 et
953 4220 1107 4278 inanimata.
1113 4239 1146 4278 eo
1159 4218 1262 4278 moveri
1275 4234 1322 4278 aut
1333 4217 1382 4276 de-

280 4329 283 4337 ·
398 4317 458 4355 rum
478 4295 621 4356 hominum
633 4296 753 4354 sermone
766 4317 794 4354 m
806 4298 865 4375 pas·
913 4297 1005 4357 lectari
1025 4297 1157 4357 dicerent.
1204 4317 1232 4372 4.
1254 4294 1381 4356 FlnmIna

399 4376 489 4432 toritii
501 4374 629 4433 carminis
638 4373 821 4452 simplicitate,
835 4389 866 4432 ut
913 4376 1069 4455 requierunt
1094 4389 1191 4434 mutam
1206 4378 1266 4449 suos
1290 4379 1383 4449 cursus,

398 4468 493 4510 cantus
504 4452 683 4530 praestantiutn
695 4452 734 4511 ita
746 4453 865 4511 declara-
880 4495 883 4500 -
913 4473 1000 4532 graece
1012 4473 1078 4543 pro:
1095 4467 1205 4542 'mutato
1215 4451 1271 4509 :suo
1289 4451 1381 4518 cutus,

400 4536 571 4608 rentpoetae,
590 4544 621 4592 ut
639 4529 765 4614 pecudes,
784 4531 865 4601 feras,
912 4532 943 4608 h.
967 4533 988 4592 l.
1013 4531 1144 4612 inhibito.
1195 4528 1381 4684 qu'usam’

1240 4629 1322 4686 ''qu
1330 4627 1381 4664 cm
