3575 5509
610 521 614 526 ·
724 511 735 552 l

451 684 590 737 cextvr
699 653 1170 733 ARGUMENTA.
1291 637 1294 648 ¹

441 865 595 951 ‚Semina
609 883 681 956 quo
685 856 851 957 jacienda
867 857 988 944 modo,
1012 839 1197 951 cultusque
1214 855 1390 949 locorum,
1459 909 1463 918 -

452 983 501 1057 Et
518 981 640 1055 melles
657 979 782 1052 docuit
797 1001 929 1075 magno
946 976 1037 1048 olim
1053 975 1192 1074 foenore
1210 976 1326 1053 reddi.

861 1133 1035 1185 sacnnnr.

452 1242 635 1317 Hactenus
650 1261 815 1311 arvorum
833 1236 964 1324 euhoe,
989 1252 1024 1307 et
1042 1235 1156 1309 fidera
1171 1236 1267 1322 caeli.

452 1368 663 1462 Pampineas
679 1363 776 1435 canit
790 1359 871 1434 inde
881 1383 1014 1445 comas,
1025 1358 1200 1460 collesque
1215 1360 1374 1467 virentes!
1396 1386 1442 1440 ιο

451 1488 720 1587 Descriptasque
736 1487 823 1559 locis
839 1485 941 1572 vites,
965 1504 1000 1558 et
1016 1484 1111 1558 dona
1128 1484 1243 1579 Lyaei,

452 1617 573 1713 Atque
589 1615 677 1687 oleae
694 1637 811 1685 ramos
822 1636 1016 1707 pomorum
1031 1636 1075 1684 ex
1087 1610 1213 1684 ordine
1227 1612 1348 1689 ledlos.

382 1732 386 1738 ’
867 1754 1015 1823 ernau.

454 1851 592 1977 Teque,
617 1877 728 1964 Pales,
750 1895 785 1950 et
800 1873 1438 1973 tepastormemorandeperorbem,

395 2036 398 2044 ¹
451 2005 503 2078 Et
519 2028 692 2101 pecorum
709 2004 837 2092 culmo,
862 2021 897 2075 et
907 2004 1069 2101 gramine
1080 2003 1208 2100 pascua
1223 2004 1317 2093 laeta,
1381 2051 1383 2055 -

453 2129 544 2228 Qis
556 2130 719 2202 habitent
731 2149 888 2204 armenta
902 2132 1001 2218 locis,
1015 2130 1234 2203 stabulentur
1244 2147 1281 2202 et
1291 2130 1375 2229 agni
1394 2148 1435 2237 15

452 2252 585 2325 Omnia
598 2251 719 2325 divino
735 2254 941 2325 monstravit
958 2253 1116 2331 carmine
1129 2270 1236 2335 elaten
1276 2262 1278 2266 ’

816 2371 1028 2477 ὀμκτι
1200 2468 1202 2471 ,

450 2509 619 2588 Protinus
630 2514 716 2587 aerii
733 2514 847 2587 mellis
863 2515 1057 2588 redolentia
1073 2503 1193 2614 regna,

451 2640 625 2734 Hyblaeas
642 2662 676 2714 et
692 2623 788 2738 apes,
812 2641 974 2721 alvorum
988 2666 1089 2715 cerea
1110 2644 1211 2716 tetta.
1284 2681 1291 2689 ·

337 2754 340 2761 ’
452 2761 598 2860 Qique
615 2766 740 2861 apibus
758 2766 874 2855 llores,
900 2768 1064 2843 examina
1080 2790 1234 2863 quaeque
1249 2765 1412 2865 legenda,
1446 2769 1448 2773 ’

450 2886 601 2978 Indieat,
624 2874 880 2990 humentesque
896 2892 1005 2981 favor,
1030 2890 1181 2973 caelestia
1197 2888 1300 2971 dona¹
1393 2914 1442 2975 20

886 3116 996 3199 XVI.

537 3270 712 3343 Duodecim
715 3273 968 3367 scholasticorum
981 3280 1144 3370 poilarum
1160 3286 1347 3371 argumenta

682 3398 715 3464 in
729 3395 913 3466 AEnet'dem.
962 3399 1039 3469 ibid.
1056 3417 1107 3493 ep.
1128 3420 1169 3494 19
1174 3416 1208 3491 ς,

812 3576 918 3625 LIBRI
947 3580 1081 3630 PRIMI.

752 3672 1063 3753 VOMANUS
1099 3683 1129 3754 Ι.

449 3794 574 3866 AEolus
590 3794 761 3868 immittit
777 3818 911 3888 ventos,
935 3802 1076 3895 Junone
1090 3826 1269 3901 precante,
1373 3807 1376 3812 ’

449 3916 693 4014 Trojanosque
706 3945 814 4017 vagos
830 3921 982 4019 Libycas
1000 3930 1147 4024 expellit
1165 3932 1199 4002 in
1217 3954 1306 4020 orae,

447 4037 587 4108 Solatur
604 4038 777 4112 Venerem
793 4041 898 4114 dietis
915 4063 1016 4142 pater
1032 4046 1106 4143 ipse
1121 4050 1315 4138 dolentem.

448 4156 585 4230 AEnean
604 4158 732 4255 recipit
748 4163 898 4257 pulchra
916 4166 1136 4266 Carthagine
1153 4171 1252 4245 Dido
1262 4208 1274 4259 ς

451 4282 519 4357 Cui
535 4284 653 4360 Venus
668 4284 812 4360 Ascanii
822 4289 884 4363 sub
900 4292 1057 4391 imagine
1071 4298 1185 4371 mittit
1198 4298 1388 4378 Amorem.
1415 4321 1435 4396 ς

664 4496 709 4540 12.
729 4480 750 4541 f.
769 4480 850 4563 Atque
862 4484 933 4559 olea,
953 4503 976 4547 et
988 4507 1206 4571 ramos‘pomrrum.

1181 4650 1183 4654 f
1267 4585 1446 4694 securem.
1550 4666 1552 4671 <
