3575 5509
404 707 512 760 axxrt
681 679 760 759 DE
808 621 1098 758 VIRsiILll

403 886 614 962 variantium
649 886 854 976 lediionum,
877 912 987 986 quam
1012 887 1383 985 sordiummonaclri.
1453 896 1458 905 ’

402 1038 524 1086 carum
543 1013 638 1085 mole
665 1037 742 1085 rem
759 1015 922 1085 criticam
947 1036 1091 1085 onerare
1108 1017 1138 1085 ³¹.
1173 1012 1296 1110 Itaque
1317 1039 1379 1087 ne·

401 1139 493 1212 mini
505 1139 608 1212 facile
619 1139 739 1211 auctor
748 1138 838 1223 sum,
849 1155 890 1209 ut
904 1138 1091 1235 Virgiliani
1107 1138 1248 1210 codices
1265 1141 1381 1213 varie-

400 1281 513 1336 tatem
529 1261 741 1336 enbtandam
756 1260 819 1331 fibi
833 1259 961 1347 sumat,
977 1259 1039 1331 nisr
1054 1266 1137 1331 ante
1152 1260 1273 1331 omnia
1288 1284 1381 1356 pau-

401 1412 523 1461 carum
535 1382 1380 1483 paginarumcomparationesasiaconstiterit,ex

310 1527 314 1531 ’
400 1511 497 1583 bono
510 1534 567 1582 eos
584 1508 777 1605 exemplari
789 1505 1018 1604 transcriptos
1036 1507 1125 1592 elle;
1152 1507 1214 1579 etfi
1232 1503 1379 1602 Virgilii

401 1636 590 1710 lectionem
615 1658 709 1706 nunc
739 1634 788 1703 ita
811 1631 1040 1704 constitutam
1058 1631 1124 1703 elle
1139 1634 1303 1719 arbitror,
1329 1650 1381 1723 ut,

401 1789 484 1861 quae
502 1765 533 1836 ei
551 1765 637 1836 vitia
654 1762 814 1849 insident,
850 1761 979 1833 nullius
1000 1761 1134 1833 codicis
1151 1761 1283 1841 auxilio
1300 1762 1380 1835 tolli
1426 1785 1429 1799 ·

399 1888 496 1983 posse
513 1887 669 1986 sperem;
695 1912 738 1961 ex
754 1887 903 1984 optimis
920 1904 1039 1957 autem
1055 1884 1171 1970 codd,
1190 1884 1215 1973 fi
1233 1879 1294 1985 qui
1312 1886 1381 1957 ad.
1410 1906 1412 1910 ·
1458 1977 1460 1981 y

399 2014 471 2085 huc
487 2011 576 2086 forte
593 2013 775 2110 superfint,
799 2012 832 2083 'sl
848 2011 1026 2084 consulere
1053 2035 1111 2082 eos
1141 1990 1293 2099 licuerit,
1317 2013 1381 2102 virg
1437 1998 1444 2017 ²

398 2112 530 2231 multas
559 2137 725 2209 lectiones
743 2134 990 2208 memorabiles
1008 2134 1168 2205 nondum
1185 2132 1274 2205 visas
1292 2158 1379 2214 enu-¹
1452 2179 1454 2181 -

397 2279 513 2361 tatum
530 2264 573 2356 iti
590 2263 751 2359 suspicer.
806 2249 984 2334 bottarius
1002 2261 1038 2331 in
1056 2261 1159 2356 supra
1180 2260 1395 2350 memorata

397 2386 502 2485 praef.
520 2387 564 2484 ad
581 2373 721 2486 Fragm.
740 2386 855 2458 Vatic.
872 2384 1052 2457 recensum
1070 2382 1180 2455 XLII
1200 2384 1378 2458 Codicum

398 2509 499 2580 dedit
512 2509 666 2605 Virgilii,
679 2510 742 2606 qui
752 2509 789 2579 in
807 2506 1003 2586 bibliotlrca
1022 2506 1177 2577 Vaticana
1191 2507 1378 2612 servantur,

399 2627 560 2729 equibus
580 2632 734 2706 nonnisi
759 2650 828 2705 tres
852 2652 913 2703 aut
936 2646 1088 2727 quatuor
1111 2656 1131 2701 a
1156 2632 1240 2703 viris
1264 2631 1378 2710 dostis

396 2744 652 2857 inspesli'sunt'.
691 2758 801 2857 Apud
815 2758 1017 2856 Montfauc.
1033 2758 1203 2853 Bibliotn
1218 2758 1323 2831 MSS.
1337 2782 1376 2853 p.

398 2889 475 2976 108.
496 2908 510 2956 1
518 2905 574 2979 52.
587 2907 666 2981 192.
682 2884 744 2979 alii
753 2883 827 2980 ‘sub
839 2875 922 2981 aiiii
930 2873 1085 2988 numeris
1102 2882 1297 2967 laudantur,
1313 2882 1390 2979 qui!
1440 2909 1442 2916 ¹

397 3034 442 3101 an
455 3007 565 3079 iidem
578 3006 645 3080 fint
657 3031 728 3079 non
740 3007 884 3087 constat.
936 2999 986 3078 In'
995 3004 1212 3109 bibliotheca
1228 3004 1380 3076 Medicea

397 3134 442 3205 ad
452 3126 633 3205 *XXXIII
646 3132 764 3206 Codd.
785 3131 893 3203 latere
911 3125 1181 3220 err-'’Montlauc.
1200 3128 1376 3225 *Bibliotb

369 3281 373 3286 ·
397 3256 505 3327 MSS.
531 3280 568 3350 p.
586 3260 661 3347 318.
678 3223 1098 3351 319apparet,'qudrtirn
1122 3251 1306 3326 recensum
1322 3252 1380 3334 in,

397 3378 541 3449 stituere
558 3394 593 3447 et
609 3363 851 3473 antiquiorum
868 3375 1061 3473 specimina
1084 3374 1254 3471 subjicere
1279 3376 1380 3447 vole-

397 3499 458 3569 bat
472 3497 667 3595 Fogginius
679 3499 715 3569 in
728 3500 836 3572 altero
853 3498 935 3572 Vol.
956 3498 1098 3595 Virgilii
1118 3498 1289 3573 Medicei
1302 3501 1377 3575 vid.

413 3738 416 3744 ¹
434 3718 452 3752 ⁴*
474 3718 617 3778 Praeclarus
633 3719 668 3777 est
681 3719 757 3779 locus
770 3721 896 3799 Chphori
910 3723 1028 3784 Plautini
1048 3727 1152 3805 praefat.
1165 3728 1201 3797 ad
1212 3722 1270 3803 Jul.
1288 3727 1378 3802 Caesa7
1416 3799 1422 3805 '

396 3830 453 3869 rem
469 3811 529 3869 ase
542 3811 664 3869 editum:
686 3823 706 3849 “
723 3810 795 3892 Qut
813 3812 887 3872 enim
909 3814 1081 3895 finis-quon
1128 3819 1265 3896 ¹epaginas
1285 3836 1379 3888 ornnes

396 3900 557 3957 obfidebunt
570 3900 651 3958 varia
662 3915 690 3958 et
702 3922 776 3974 vana
788 3902 854 3981 saepe
865 3902 992 3963 leslionoe
1003 3906 1081 3982 ?--l,iu
1097 3901 1238 3984 cutiqntur
1254 3903 1378 3980 profesio

395 3978 539 4068 scriptores
557 3990 606 4067 ipsi
619 4010 635 4048 e
647 3990 782 4059 manibus,
790 3993 856 4051 dum
867 3995 950 4052 avida
959 3969 1379 4069 juvenaliihalodiverticula

395 4080 454 4138 abit
473 4094 500 4139 et
514 4083 632 4157 πάρεργα
645 4080 693 4137 ista
702 4096 777 4139 curat
791 4083 864 4140 velut
872 4084 965 4159 Ἔργα.
1004 4083 1096 4162 Qam
1109 4081 1189 4139 multi
1209 4084 1267 4158 jam
1284 4082 1332 4159 q'ui
1344 4083 1391 4164 li?

361 4241 363 4246 Α
396 4168 459 4244 bros
472 4183 576 4243 tantum
588 4170 693 4247 legunt,
708 4185 739 4227 ut
757 4171 901 4229 emendent
912 4174 922 4229 ἓ
932 4236 933 4239 ¹
942 4186 972 4229 ut
985 4171 1047 4228 illos
1060 4170 1183 4230 ¹meliores
1196 4170 1310 4238 faciant,
1320 4191 1378 4231 non

288 4280 291 4287 ·
396 4273 426 4316 ut
440 4258 511 4333 sese?
524 4260 619 4336 Itaque
631 4259 683 4317 toti
696 4259 725 4315 in
737 4260 841 4336 voculis
864 4275 910 4319 aut
936 4260 1054 4335 syllabis·
1068 4262 1171 4338 aliquot
1191 4260 1379 4327 examinandis

395 4352 473 4419 sunt3
494 4363 521 4409 et
543 4350 658 4427 segetem
680 4350 755 4407 illam
781 4350 890 4414 ubetem
916 4371 1004 4412 rerum
1026 4352 1269 4433 sententiarumque
1288 4353 1378 4414 subter

395 4429 506 4521 babent,
518 4438 602 4516 paleis
614 4438 695 4497 modo
710 4436 817 4530 lesbia.''

1273 4555 1376 4679 rraefi
1408 4551 1411 4556 ’
