<?xml version="1.0" encoding="UTF-8"?>
<!DOCTYPE html PUBLIC "-//W3C//DTD XHTML 1.0 Transitional//EN"
    "http://www.w3.org/TR/xhtml1/DTD/xhtml1-transitional.dtd">
<html xmlns="http://www.w3.org/1999/xhtml" xml:lang="en" lang="en">
 <head>
  <title>
</title>
<meta http-equiv="Content-Type" content="text/html;charset=utf-8" />
  <meta name='ocr-system' content='tesseract 3.04.00' />
  <meta name='ocr-capabilities' content='ocr_page ocr_carea ocr_par ocr_line ocrx_word'/>
</head>
<body>
  <div class='ocr_page' id='page_1' title='image "./operavarietatel00virggoog_0071.png"; bbox 0 0 3575 5509; ppageno 0'>
   <div class='ocr_carea' id='block_1_1' title="bbox 459 690 1380 812">
    <p class='ocr_par' dir='ltr' id='par_1_1' title="bbox 459 690 1380 812">
     <span class='ocr_line' id='line_1_1' title="bbox 459 690 1380 812; baseline 0.002 -40"><span class='ocrx_word' id='word_1_1' title='bbox 459 762 465 772; x_wconf 12' lang='lat' dir='ltr'>a</span> <span class='ocrx_word' id='word_1_2' title='bbox 621 690 985 812; x_wconf 18' lang='lat' dir='ltr'>conicimus</span> <span class='ocrx_word' id='word_1_3' title='bbox 1030 694 1156 769; x_wconf 79' lang='lat' dir='ltr'>iuss,</span> <span class='ocrx_word' id='word_1_4' title='bbox 1314 716 1380 777; x_wconf 73' lang='lat' dir='ltr'>tx!</span> 
     </span>
    </p>
   </div>
   <div class='ocr_carea' id='block_1_2' title="bbox 326 887 1381 3794">
    <p class='ocr_par' dir='ltr' id='par_1_2' title="bbox 341 887 1380 1097">
     <span class='ocr_line' id='line_1_2' title="bbox 341 887 1380 996; baseline -0.002 -23"><span class='ocrx_word' id='word_1_5' title='bbox 341 887 349 908; x_wconf 83' lang='lat'>&#39;</span> <span class='ocrx_word' id='word_1_6' title='bbox 394 896 688 996; x_wconf 72' lang='lat' dir='ltr'>interpolationes</span> <span class='ocrx_word' id='word_1_7' title='bbox 731 915 775 964; x_wconf 91' lang='lat' dir='ltr'>ex</span> <span class='ocrx_word' id='word_1_8' title='bbox 824 913 865 963; x_wconf 88' lang='lat' dir='ltr'>ea</span> <span class='ocrx_word' id='word_1_9' title='bbox 913 892 1103 965; x_wconf 88' lang='lat' dir='ltr'>memorari</span> <span class='ocrx_word' id='word_1_10' title='bbox 1145 893 1220 967; x_wconf 91' lang='lat' dir='ltr'>vidi</span> <span class='ocrx_word' id='word_1_11' title='bbox 1260 896 1380 992; x_wconf 82' lang='lat' dir='ltr'>pluri-</span> 
     </span>
     <span class='ocr_line' id='line_1_3' title="bbox 398 1047 480 1097; baseline -0.024 0"><span class='ocrx_word' id='word_1_12' title='bbox 398 1047 480 1097; x_wconf 79' lang='lat' dir='ltr'>mas.</span> 
     </span>
    </p>

    <p class='ocr_par' dir='ltr' id='par_1_3' title="bbox 326 1133 1380 2828">
     <span class='ocr_line' id='line_1_4' title="bbox 443 1133 1377 1241; baseline 0.002 -25"><span class='ocrx_word' id='word_1_13' title='bbox 443 1142 570 1215; x_wconf 88' lang='lat' dir='ltr'>Codex</span> <span class='ocrx_word' id='word_1_14' title='bbox 596 1140 803 1212; x_wconf 80' lang='lat' dir='ltr'>Francianus.</span> <span class='ocrx_word' id='word_1_15' title='bbox 866 1134 906 1208; x_wconf 92' lang='grc' dir='ltr'>Ρ.</span> <span class='ocrx_word' id='word_1_16' title='bbox 945 1133 1113 1210; x_wconf 89' lang='lat' dir='ltr'>Francius</span> <span class='ocrx_word' id='word_1_17' title='bbox 1139 1155 1207 1212; x_wconf 89' lang='lat' dir='ltr'>tres</span> <span class='ocrx_word' id='word_1_18' title='bbox 1232 1140 1377 1241; x_wconf 84' lang='lat' dir='ltr'>Virgilii</span> 
     </span>
     <span class='ocr_line' id='line_1_5' title="bbox 397 1262 1377 1362; baseline -0.004 -19"><span class='ocrx_word' id='word_1_19' title='bbox 397 1268 547 1343; x_wconf 87' lang='lat' dir='ltr'>Codices</span> <span class='ocrx_word' id='word_1_20' title='bbox 563 1265 770 1362; x_wconf 76' lang='lat' dir='ltr'>possederat.</span> <span class='ocrx_word' id='word_1_21' title='bbox 821 1262 878 1333; x_wconf 90' lang='lat' dir='ltr'>Ex</span> <span class='ocrx_word' id='word_1_22' title='bbox 895 1284 967 1333; x_wconf 91' lang='lat' dir='ltr'>uno</span> <span class='ocrx_word' id='word_1_23' title='bbox 989 1263 1176 1334; x_wconf 88' lang='lat' dir='ltr'>vetustiore</span> <span class='ocrx_word' id='word_1_24' title='bbox 1196 1265 1377 1340; x_wconf 86' lang='lat' dir='ltr'>membra-</span> 
     </span>
     <span class='ocr_line' id='line_1_6' title="bbox 326 1385 1378 1480; baseline -0.007 -13"><span class='ocrx_word' id='word_1_25' title='bbox 326 1476 328 1480; x_wconf 81' lang='lat'><em>.</em></span> <span class='ocrx_word' id='word_1_26' title='bbox 394 1417 504 1468; x_wconf 82' lang='lat' dir='ltr'>nacco</span> <span class='ocrx_word' id='word_1_27' title='bbox 538 1389 743 1461; x_wconf 85' lang='lat' dir='ltr'>varietatem</span> <span class='ocrx_word' id='word_1_28' title='bbox 760 1386 919 1458; x_wconf 74' lang='lat' dir='ltr'>lediionis</span> <span class='ocrx_word' id='word_1_29' title='bbox 934 1411 954 1457; x_wconf 90' lang='lat' dir='ltr'>a</span> <span class='ocrx_word' id='word_1_30' title='bbox 970 1385 1062 1477; x_wconf 89' lang='lat' dir='ltr'>Jano</span> <span class='ocrx_word' id='word_1_31' title='bbox 1079 1386 1301 1460; x_wconf 86' lang='lat' dir='ltr'>Broukhufio</span> <span class='ocrx_word' id='word_1_32' title='bbox 1314 1412 1378 1460; x_wconf 86' lang='lat' dir='ltr'>ex·</span> 
     </span>
     <span class='ocr_line' id='line_1_7' title="bbox 395 1507 1377 1609; baseline -0.006 -22"><span class='ocrx_word' id='word_1_33' title='bbox 395 1532 558 1609; x_wconf 86' lang='lat' dir='ltr'>cerptam</span> <span class='ocrx_word' id='word_1_34' title='bbox 574 1528 608 1582; x_wconf 92' lang='lat' dir='ltr'>et</span> <span class='ocrx_word' id='word_1_35' title='bbox 624 1508 768 1581; x_wconf 90' lang='lat' dir='ltr'>editioni</span> <span class='ocrx_word' id='word_1_36' title='bbox 788 1509 1004 1581; x_wconf 90' lang='lat' dir='ltr'>Commelin.</span> <span class='ocrx_word' id='word_1_37' title='bbox 1027 1507 1131 1596; x_wconf 87' lang='lat'>1646,</span> <span class='ocrx_word' id='word_1_38' title='bbox 1155 1534 1190 1597; x_wconf 90' lang='lat'>4.</span> <span class='ocrx_word' id='word_1_39' title='bbox 1216 1507 1377 1606; x_wconf 84' lang='lat' dir='ltr'>adscrip-</span> 
     </span>
     <span class='ocr_line' id='line_1_8' title="bbox 396 1629 1375 1709; baseline -0.006 0"><span class='ocrx_word' id='word_1_40' title='bbox 396 1629 1375 1709; x_wconf 86' lang='lat' dir='ltr'>tamcumBurmannocommunicaveratD&#39;Orvillius.</span> 
     </span>
     <span class='ocr_line' id='line_1_9' title="bbox 397 1757 1378 1855; baseline 0.001 -25"><span class='ocrx_word' id='word_1_41' title='bbox 397 1783 503 1855; x_wconf 87' lang='lat' dir='ltr'>penes</span> <span class='ocrx_word' id='word_1_42' title='bbox 519 1783 627 1855; x_wconf 90' lang='lat' dir='ltr'>quem</span> <span class='ocrx_word' id='word_1_43' title='bbox 642 1758 751 1830; x_wconf 92' lang='lat' dir='ltr'>etiam</span> <span class='ocrx_word' id='word_1_44' title='bbox 776 1759 919 1830; x_wconf 87' lang='lat' dir='ltr'>alterius</span> <span class='ocrx_word' id='word_1_45' title='bbox 945 1758 1089 1830; x_wconf 91' lang='lat' dir='ltr'>Codicis</span> <span class='ocrx_word' id='word_1_46' title='bbox 1114 1757 1378 1831; x_wconf 81' lang='lat' dir='ltr'>membranacei</span> 
     </span>
     <span class='ocr_line' id='line_1_10' title="bbox 398 1861 1377 1978; baseline 0.002 -27"><span class='ocrx_word' id='word_1_47' title='bbox 398 1880 582 1953; x_wconf 88' lang='lat' dir='ltr'>Franciani</span> <span class='ocrx_word' id='word_1_48' title='bbox 595 1861 839 1978; x_wconf 37' lang='lat' dir='ltr'>&#39;fragmentum</span> <span class='ocrx_word' id='word_1_49' title='bbox 855 1904 876 1950; x_wconf 91' lang='lat' dir='ltr'>a</span> <span class='ocrx_word' id='word_1_50' title='bbox 893 1879 1026 1978; x_wconf 88' lang='lat' dir='ltr'>medio</span> <span class='ocrx_word' id='word_1_51' title='bbox 1037 1878 1122 1949; x_wconf 86' lang='lat' dir='ltr'>AEn.</span> <span class='ocrx_word' id='word_1_52' title='bbox 1146 1879 1377 1953; x_wconf 78' lang='lat' dir='ltr'>ad&#39;medium</span> 
     </span>
     <span class='ocr_line' id='line_1_11' title="bbox 396 1998 1377 2095; baseline 0 -21"><span class='ocrx_word' id='word_1_53' title='bbox 396 2002 477 2074; x_wconf 92' lang='lat' dir='ltr'>libri</span> <span class='ocrx_word' id='word_1_54' title='bbox 490 2001 540 2073; x_wconf 92' lang='lat' dir='ltr'>Vl</span> <span class='ocrx_word' id='word_1_55' title='bbox 557 2002 637 2074; x_wconf 84' lang='lat' dir='ltr'>fuit.</span> <span class='ocrx_word' id='word_1_56' title='bbox 663 2002 809 2074; x_wconf 88' lang='lat' dir='ltr'>Tertius</span> <span class='ocrx_word' id='word_1_57' title='bbox 826 1998 907 2070; x_wconf 87' lang='lat' dir='ltr'>satis</span> <span class='ocrx_word' id='word_1_58' title='bbox 924 1999 1089 2086; x_wconf 84' lang='lat' dir='ltr'>vetustus,</span> <span class='ocrx_word' id='word_1_59' title='bbox 1104 2000 1168 2095; x_wconf 91' lang='lat' dir='ltr'>qui</span> <span class='ocrx_word' id='word_1_60' title='bbox 1184 2000 1377 2074; x_wconf 79' lang='lat' dir='ltr'>AEneidem</span> 
     </span>
     <span class='ocr_line' id='line_1_12' title="bbox 396 2121 1380 2220; baseline -0.003 -23"><span class='ocrx_word' id='word_1_61' title='bbox 396 2123 660 2220; x_wconf 69' lang='lat' dir='ltr'>compleditur,</span> <span class='ocrx_word' id='word_1_62' title='bbox 675 2142 797 2193; x_wconf 91' lang='lat' dir='ltr'>utrum</span> <span class='ocrx_word' id='word_1_63' title='bbox 808 2122 909 2193; x_wconf 84' lang='lat' dir='ltr'>&#39;idem</span> <span class='ocrx_word' id='word_1_64' title='bbox 924 2121 978 2207; x_wconf 90' lang='lat' dir='ltr'>fit,</span> <span class='ocrx_word' id='word_1_65' title='bbox 994 2121 1056 2218; x_wconf 94' lang='lat' dir='ltr'>qui</span> <span class='ocrx_word' id='word_1_66' title='bbox 1072 2146 1167 2195; x_wconf 89' lang='lat' dir='ltr'>nunc</span> <span class='ocrx_word' id='word_1_67' title='bbox 1184 2122 1221 2193; x_wconf 92' lang='lat' dir='ltr'>in</span> <span class='ocrx_word' id='word_1_68' title='bbox 1235 2122 1380 2194; x_wconf 80' lang='lat' dir='ltr'>Amste-</span> 
     </span>
     <span class='ocr_line' id='line_1_13' title="bbox 398 2240 1380 2342; baseline 0.004 -29"><span class='ocrx_word' id='word_1_69' title='bbox 398 2240 602 2315; x_wconf 85' lang='lat' dir='ltr'>laedamenfi</span> <span class='ocrx_word' id='word_1_70' title='bbox 614 2242 830 2342; x_wconf 82' lang='lat' dir='ltr'>bibliotheca</span> <span class='ocrx_word' id='word_1_71' title='bbox 848 2241 1047 2316; x_wconf 68' lang='lat' dir='ltr'>adservatur</span> <span class='ocrx_word' id='word_1_72' title='bbox 1058 2240 1242 2318; x_wconf 90' lang='lat' dir='ltr'>dubitatur</span> <span class='ocrx_word' id='word_1_73' title='bbox 1256 2268 1277 2316; x_wconf 95' lang='lat' dir='ltr'>a</span> <span class='ocrx_word' id='word_1_74' title='bbox 1290 2242 1380 2317; x_wconf 81' lang='lat' dir='ltr'>But-</span> 
     </span>
     <span class='ocr_line' id='line_1_14' title="bbox 397 2365 1375 2440; baseline 0.003 -3"><span class='ocrx_word' id='word_1_75' title='bbox 397 2388 530 2437; x_wconf 88' lang='lat' dir='ltr'>manno</span> <span class='ocrx_word' id='word_1_76' title='bbox 540 2365 715 2438; x_wconf 73' lang='lat' dir='ltr'>Secundo,</span> <span class='ocrx_word' id='word_1_77' title='bbox 752 2366 913 2438; x_wconf 90' lang='lat' dir='ltr'>Omnino</span> <span class='ocrx_word' id='word_1_78' title='bbox 929 2367 974 2439; x_wconf 89' lang='lat' dir='ltr'>ad</span> <span class='ocrx_word' id='word_1_79' title='bbox 991 2366 1108 2438; x_wconf 90' lang='lat' dir='ltr'>infimi</span> <span class='ocrx_word' id='word_1_80' title='bbox 1125 2366 1257 2438; x_wconf 84' lang='lat' dir='ltr'>ordinis</span> <span class='ocrx_word' id='word_1_81' title='bbox 1268 2368 1375 2440; x_wconf 87' lang='lat' dir='ltr'>codd.</span> 
     </span>
     <span class='ocr_line' id='line_1_15' title="bbox 395 2486 1378 2587; baseline 0.005 -30"><span class='ocrx_word' id='word_1_82' title='bbox 395 2486 563 2559; x_wconf 90' lang='lat' dir='ltr'>videntur</span> <span class='ocrx_word' id='word_1_83' title='bbox 580 2486 763 2577; x_wconf 74' lang='lat' dir='ltr'>franciam</span> <span class='ocrx_word' id='word_1_84' title='bbox 789 2487 857 2560; x_wconf 84' lang='lat' dir='ltr'>else</span> <span class='ocrx_word' id='word_1_85' title='bbox 881 2488 1090 2587; x_wconf 88' lang='lat' dir='ltr'>ablegandi;</span> <span class='ocrx_word' id='word_1_86' title='bbox 1116 2512 1199 2584; x_wconf 87' lang='lat' dir='ltr'>quae</span> <span class='ocrx_word' id='word_1_87' title='bbox 1218 2489 1316 2564; x_wconf 90' lang='lat' dir='ltr'>enim</span> <span class='ocrx_word' id='word_1_88' title='bbox 1332 2513 1378 2562; x_wconf 84' lang='lat' dir='ltr'>ex</span> 
     </span>
     <span class='ocr_line' id='line_1_16' title="bbox 398 2606 1376 2707; baseline 0.004 -28"><span class='ocrx_word' id='word_1_89' title='bbox 398 2606 441 2679; x_wconf 92' lang='lat' dir='ltr'>iis</span> <span class='ocrx_word' id='word_1_90' title='bbox 458 2609 654 2697; x_wconf 83' lang='lat' dir='ltr'>laudantur,</span> <span class='ocrx_word' id='word_1_91' title='bbox 669 2608 748 2681; x_wconf 90' lang='lat' dir='ltr'>sunt</span> <span class='ocrx_word' id='word_1_92' title='bbox 767 2634 869 2687; x_wconf 89' lang='lat' dir='ltr'>mera</span> <span class='ocrx_word' id='word_1_93' title='bbox 886 2612 1098 2707; x_wconf 87' lang='lat' dir='ltr'>plerumque</span> <span class='ocrx_word' id='word_1_94' title='bbox 1115 2609 1223 2696; x_wconf 82' lang='lat' dir='ltr'>vitia„</span> <span class='ocrx_word' id='word_1_95' title='bbox 1238 2611 1376 2685; x_wconf 85' lang='lat' dir='ltr'>aberra-</span> 
     </span>
     <span class='ocr_line' id='line_1_17' title="bbox 398 2732 1048 2828; baseline 0.003 -25"><span class='ocrx_word' id='word_1_96' title='bbox 398 2733 510 2806; x_wconf 88' lang='lat' dir='ltr'>tiones</span> <span class='ocrx_word' id='word_1_97' title='bbox 526 2751 561 2804; x_wconf 92' lang='lat' dir='ltr'>et</span> <span class='ocrx_word' id='word_1_98' title='bbox 578 2732 730 2805; x_wconf 75' lang='lat' dir='ltr'>indoetae</span> <span class='ocrx_word' id='word_1_99' title='bbox 747 2732 1048 2828; x_wconf 79' lang='lat' dir='ltr'>interpolationes,</span> 
     </span>
    </p>

    <p class='ocr_par' dir='ltr' id='par_1_4' title="bbox 398 2854 1381 3450">
     <span class='ocr_line' id='line_1_18' title="bbox 448 2854 1381 2931; baseline 0.006 -6"><span class='ocrx_word' id='word_1_100' title='bbox 448 2854 571 2926; x_wconf 83' lang='lat' dir='ltr'>Codex</span> <span class='ocrx_word' id='word_1_101' title='bbox 595 2854 767 2928; x_wconf 65' lang='lat' dir='ltr'>Tullianus.</span> <span class='ocrx_word' id='word_1_102' title='bbox 818 2856 893 2926; x_wconf 87' lang='lat' dir='ltr'>Sub</span> <span class='ocrx_word' id='word_1_103' title='bbox 926 2855 994 2927; x_wconf 93' lang='lat' dir='ltr'>hoc</span> <span class='ocrx_word' id='word_1_104' title='bbox 1019 2857 1165 2929; x_wconf 90' lang='lat' dir='ltr'>nomine</span> <span class='ocrx_word' id='word_1_105' title='bbox 1193 2857 1381 2931; x_wconf 86' lang='lat' dir='ltr'>laudantur</span> 
     </span>
     <span class='ocr_line' id='line_1_19' title="bbox 398 2977 1378 3076; baseline 0.003 -28"><span class='ocrx_word' id='word_1_106' title='bbox 398 3002 468 3049; x_wconf 88' lang='lat' dir='ltr'>var.</span> <span class='ocrx_word' id='word_1_107' title='bbox 477 2977 554 3049; x_wconf 75' lang='lat' dir='ltr'>lect</span> <span class='ocrx_word' id='word_1_108' title='bbox 573 2978 611 3050; x_wconf 93' lang='lat' dir='ltr'>in</span> <span class='ocrx_word' id='word_1_109' title='bbox 625 2978 802 3076; x_wconf 87' lang='lat' dir='ltr'>Georgica</span> <span class='ocrx_word' id='word_1_110' title='bbox 817 2979 923 3071; x_wconf 85' lang='lat' dir='ltr'>aJac.</span> <span class='ocrx_word' id='word_1_111' title='bbox 933 2979 1055 3052; x_wconf 92' lang='lat' dir='ltr'>Tollio</span> <span class='ocrx_word' id='word_1_112' title='bbox 1067 2979 1208 3050; x_wconf 89' lang='lat' dir='ltr'>exCod.</span> <span class='ocrx_word' id='word_1_113' title='bbox 1225 2996 1378 3075; x_wconf 85' lang='lat' dir='ltr'>papyra-</span> 
     </span>
     <span class='ocr_line' id='line_1_20' title="bbox 398 3098 1379 3197; baseline -0.003 -27"><span class='ocrx_word' id='word_1_114' title='bbox 398 3123 463 3171; x_wconf 87' lang='lat' dir='ltr'>ceo</span> <span class='ocrx_word' id='word_1_115' title='bbox 478 3098 705 3171; x_wconf 89' lang='lat' dir='ltr'>bibliothecae</span> <span class='ocrx_word' id='word_1_116' title='bbox 724 3099 1025 3197; x_wconf 85' lang='lat' dir='ltr'>Teutoburgenfis</span> <span class='ocrx_word' id='word_1_117' title='bbox 1041 3098 1198 3171; x_wconf 73' lang='lat' dir='ltr'>colledae</span> <span class='ocrx_word' id='word_1_118' title='bbox 1214 3116 1249 3169; x_wconf 90' lang='lat' dir='ltr'>et</span> <span class='ocrx_word' id='word_1_119' title='bbox 1273 3098 1379 3168; x_wconf 92' lang='lat' dir='ltr'>editi-</span> 
     </span>
     <span class='ocr_line' id='line_1_21' title="bbox 398 3220 1379 3322; baseline -0.001 -29"><span class='ocrx_word' id='word_1_120' title='bbox 398 3223 458 3294; x_wconf 92' lang='lat' dir='ltr'>oni</span> <span class='ocrx_word' id='word_1_121' title='bbox 476 3223 689 3297; x_wconf 90' lang='lat' dir='ltr'>Commelin.</span> <span class='ocrx_word' id='word_1_122' title='bbox 719 3225 810 3318; x_wconf 74' lang='lat'>1646</span> <span class='ocrx_word' id='word_1_123' title='bbox 827 3224 1028 3322; x_wconf 87' lang='lat' dir='ltr'>adscriptae,</span> <span class='ocrx_word' id='word_1_124' title='bbox 1053 3248 1162 3322; x_wconf 92' lang='lat' dir='ltr'>quam</span> <span class='ocrx_word' id='word_1_125' title='bbox 1180 3220 1379 3293; x_wconf 87' lang='lat' dir='ltr'>D&#39;Orvilli-</span> 
     </span>
     <span class='ocr_line' id='line_1_22' title="bbox 399 3346 1247 3450; baseline 0.004 -35"><span class='ocrx_word' id='word_1_126' title='bbox 399 3368 439 3416; x_wconf 88' lang='lat' dir='ltr'>us</span> <span class='ocrx_word' id='word_1_127' title='bbox 455 3346 656 3417; x_wconf 89' lang='lat' dir='ltr'>Burmanno</span> <span class='ocrx_word' id='word_1_128' title='bbox 671 3346 929 3441; x_wconf 87' lang='lat' dir='ltr'>excerpendam</span> <span class='ocrx_word' id='word_1_129' title='bbox 940 3346 1178 3450; x_wconf 82' lang='lat' dir='ltr'>commiserat.</span> <span class='ocrx_word' id='word_1_130' title='bbox 1240 3393 1247 3401; x_wconf 67' lang='lat'>=</span> 
     </span>
    </p>

    <p class='ocr_par' dir='ltr' id='par_1_5' title="bbox 403 3468 1380 3673">
     <span class='ocr_line' id='line_1_23' title="bbox 426 3468 1380 3568; baseline 0.019 -36"><span class='ocrx_word' id='word_1_131' title='bbox 426 3528 429 3532; x_wconf 79' lang='lat'><strong>.</strong></span> <span class='ocrx_word' id='word_1_132' title='bbox 451 3468 598 3541; x_wconf 89' lang='lat' dir='ltr'>Codices</span> <span class='ocrx_word' id='word_1_133' title='bbox 612 3468 773 3558; x_wconf 83' lang='lat' dir='ltr'>&#39;Leidensts</span> <span class='ocrx_word' id='word_1_134' title='bbox 796 3472 866 3556; x_wconf 84' lang='lat' dir='ltr'>duo,</span> <span class='ocrx_word' id='word_1_135' title='bbox 889 3494 977 3566; x_wconf 92' lang='lat' dir='ltr'>quos</span> <span class='ocrx_word' id='word_1_136' title='bbox 995 3470 1069 3568; x_wconf 90' lang='lat' dir='ltr'>ipse</span> <span class='ocrx_word' id='word_1_137' title='bbox 1087 3471 1127 3544; x_wconf 93' lang='lat' dir='ltr'>P.</span> <span class='ocrx_word' id='word_1_138' title='bbox 1155 3474 1380 3550; x_wconf 85' lang='lat' dir='ltr'>Burmannus.</span> 
     </span>
     <span class='ocr_line' id='line_1_24' title="bbox 403 3590 1120 3673; baseline -0.001 -12"><span class='ocrx_word' id='word_1_139' title='bbox 403 3590 565 3661; x_wconf 89' lang='lat' dir='ltr'>contulit.</span> <span class='ocrx_word' id='word_1_140' title='bbox 622 3670 624 3673; x_wconf 9' lang='lat' dir='ltr'>y</span> <span class='ocrx_word' id='word_1_141' title='bbox 1116 3626 1120 3642; x_wconf 92' lang='lat'>·</span> 
     </span>
    </p>

    <p class='ocr_par' dir='ltr' id='par_1_6' title="bbox 451 3711 809 3794">
     <span class='ocr_line' id='line_1_25' title="bbox 451 3711 809 3794; baseline 0.025 -11"><span class='ocrx_word' id='word_1_142' title='bbox 451 3711 572 3787; x_wconf 85' lang='lat' dir='ltr'>Codex</span> <span class='ocrx_word' id='word_1_143' title='bbox 588 3715 809 3794; x_wconf 85' lang='lat' dir='ltr'>Zulichemies.</span> 
     </span>
    </p>
   </div>
   <div class='ocr_carea' id='block_1_3' title="bbox 399 3834 1378 4062">
    <p class='ocr_par' dir='ltr' id='par_1_7' title="bbox 399 3834 1378 4062">
     <span class='ocr_line' id='line_1_26' title="bbox 450 3834 1378 3949; baseline 0.024 -41"><span class='ocrx_word' id='word_1_144' title='bbox 450 3834 572 3910; x_wconf 86' lang='lat' dir='ltr'>Codex</span> <span class='ocrx_word' id='word_1_145' title='bbox 599 3838 764 3929; x_wconf 82' lang='lat' dir='ltr'>Voffianus,</span> <span class='ocrx_word' id='word_1_146' title='bbox 789 3868 832 3914; x_wconf 92' lang='lat' dir='ltr'>an</span> <span class='ocrx_word' id='word_1_147' title='bbox 855 3867 945 3917; x_wconf 90' lang='lat' dir='ltr'>unus</span> <span class='ocrx_word' id='word_1_148' title='bbox 966 3870 1009 3917; x_wconf 88' lang='lat' dir='ltr'>ex</span> <span class='ocrx_word' id='word_1_149' title='bbox 1039 3846 1082 3918; x_wconf 91' lang='lat' dir='ltr'>iis</span> <span class='ocrx_word' id='word_1_150' title='bbox 1106 3848 1224 3936; x_wconf 88' lang='lat' dir='ltr'>fuerit,</span> <span class='ocrx_word' id='word_1_151' title='bbox 1249 3852 1378 3949; x_wconf 85' lang='lat' dir='ltr'>quibus</span> 
     </span>
     <span class='ocr_line' id='line_1_27' title="bbox 399 3960 1073 4062; baseline 0.009 -27"><span class='ocrx_word' id='word_1_152' title='bbox 399 3960 567 4035; x_wconf 74' lang='lat' dir='ltr'>Heinsius</span> <span class='ocrx_word' id='word_1_153' title='bbox 584 3960 663 4035; x_wconf 89' lang='lat' dir='ltr'>usus</span> <span class='ocrx_word' id='word_1_154' title='bbox 680 3961 739 4048; x_wconf 88' lang='lat' dir='ltr'>est,</span> <span class='ocrx_word' id='word_1_155' title='bbox 757 3963 847 4035; x_wconf 91' lang='lat' dir='ltr'>mihi</span> <span class='ocrx_word' id='word_1_156' title='bbox 863 3988 935 4035; x_wconf 91' lang='lat' dir='ltr'>non</span> <span class='ocrx_word' id='word_1_157' title='bbox 951 3966 1073 4062; x_wconf 88' lang='lat' dir='ltr'>liquet.</span> 
     </span>
    </p>
   </div>
   <div class='ocr_carea' id='block_1_4' title="bbox 397 4084 1380 4288">
    <p class='ocr_par' dir='ltr' id='par_1_8' title="bbox 397 4084 1380 4288">
     <span class='ocr_line' id='line_1_28' title="bbox 448 4084 1380 4187; baseline 0.013 -32"><span class='ocrx_word' id='word_1_158' title='bbox 448 4084 572 4159; x_wconf 84' lang='lat' dir='ltr'>Codex</span> <span class='ocrx_word' id='word_1_159' title='bbox 589 4086 804 4174; x_wconf 83' lang='lat' dir='ltr'>Graevianus,·</span> <span class='ocrx_word' id='word_1_160' title='bbox 827 4087 890 4187; x_wconf 91' lang='lat' dir='ltr'>qui</span> <span class='ocrx_word' id='word_1_161' title='bbox 916 4088 1109 4168; x_wconf 87' lang='lat' dir='ltr'>admodum</span> <span class='ocrx_word' id='word_1_162' title='bbox 1130 4119 1253 4169; x_wconf 89' lang='lat' dir='ltr'>recens</span> <span class='ocrx_word' id='word_1_163' title='bbox 1280 4096 1380 4169; x_wconf 84' lang='lat' dir='ltr'>fuiffe</span> 
     </span>
     <span class='ocr_line' id='line_1_29' title="bbox 397 4205 955 4288; baseline 0.02 -13"><span class='ocrx_word' id='word_1_164' title='bbox 397 4205 551 4288; x_wconf 87' lang='lat' dir='ltr'>videtur.</span> <span class='ocrx_word' id='word_1_165' title='bbox 947 4209 955 4224; x_wconf 64' lang='lat'><strong>⁴</strong></span> 
     </span>
    </p>
   </div>
   <div class='ocr_carea' id='block_1_5' title="bbox 449 4330 1381 4554">
    <p class='ocr_par' dir='ltr' id='par_1_9' title="bbox 449 4330 1381 4554">
     <span class='ocr_line' id='line_1_30' title="bbox 451 4330 1373 4437; baseline 0.013 -34"><span class='ocrx_word' id='word_1_166' title='bbox 451 4330 574 4409; x_wconf 83' lang='lat' dir='ltr'>Codex</span> <span class='ocrx_word' id='word_1_167' title='bbox 589 4334 750 4420; x_wconf 74' lang='lat' dir='ltr'>Oudartii.</span> <span class='ocrx_word' id='word_1_168' title='bbox 946 4427 952 4436; x_wconf 20' lang='grc' dir='ltr'><em>Ι</em></span> <span class='ocrx_word' id='word_1_169' title='bbox 1079 4433 1081 4437; x_wconf 23' lang='grc' dir='ltr'>Ι</span> <span class='ocrx_word' id='word_1_170' title='bbox 1371 4432 1373 4436; x_wconf 23' lang='grc' dir='ltr'>Ι</span> 
     </span>
     <span class='ocr_line' id='line_1_31' title="bbox 449 4451 1381 4554; baseline 0.011 -28"><span class='ocrx_word' id='word_1_171' title='bbox 449 4451 573 4528; x_wconf 76' lang='lat' dir='ltr'>Codex</span> <span class='ocrx_word' id='word_1_172' title='bbox 599 4456 858 4554; x_wconf 77' lang='lat' dir='ltr'>Vratislavt&#39;ensts,</span> <span class='ocrx_word' id='word_1_173' title='bbox 888 4464 1119 4551; x_wconf 87' lang='lat' dir='ltr'>bibliothecae</span> <span class='ocrx_word' id='word_1_174' title='bbox 1156 4465 1381 4539; x_wconf 85' lang='lat' dir='ltr'>Elisabetha-</span> 
     </span>
    </p>
   </div>
   <div class='ocr_carea' id='block_1_6' title="bbox 1313 4610 1470 4689">
    <p class='ocr_par' dir='ltr' id='par_1_10' title="bbox 1313 4610 1470 4689">
     <span class='ocr_line' id='line_1_32' title="bbox 1313 4610 1470 4689; baseline 0.006 -31"><span class='ocrx_word' id='word_1_175' title='bbox 1313 4610 1382 4689; x_wconf 65' lang='lat' dir='ltr'>nae,</span> <span class='ocrx_word' id='word_1_176' title='bbox 1467 4672 1470 4678; x_wconf 37' lang='grc'><em>,</em></span> 
     </span>
    </p>
   </div>
   <div class='ocr_carea' id='block_1_7' title="bbox 0 0 1802 5509">
    <p class='ocr_par' dir='ltr' id='par_1_11' title="bbox 0 0 1802 5509">
     <span class='ocr_line' id='line_1_33' title="bbox 0 0 1802 5509; baseline 0 0"><span class='ocrx_word' id='word_1_177' title='bbox 0 0 1802 5509; x_wconf 95' lang='lat' dir='ltr'> </span> 
     </span>
    </p>
   </div>
  </div>
 </body>
</html>
