3575 5509
446 667 568 745 vira
586 668 625 741 P.
646 644 1120 741 vinonn'mnnours
1145 690 1317 745 cunni

344 874 458 945 asperam
474 870 533 927 adeo
544 869 739 944 effesortuuam,
764 890 838 945 quarn
853 865 990 941 prudenter
1004 867 1119 941 patiendo
1130 875 1178 922 vir
1181 871 1260 943 fortis
1271 890 1319 925 non

343 954 444 1016 uincet.
482 953 574 1030 Quam
587 954 746 1013 senteutiam
758 953 786 1013 iu
799 952 896 1029 quinto
905 950 1038 1011 AEneidoe
1050 951 1178 1011 inseruit:

419 1088 495 1145 Nata
506 1088 564 1155 dea,
575 1094 691 1164 quo'sara
703 1084 809 1167 trahunt
823 1083 1165 1163 retrabuntque,stquamur‚·

346 1188 348 1191 '
421 1177 555 1253 Quidquid
563 1185 621 1242 erit,
625 1176 771 1250 superanda
783 1182 856 1229 omnis
859 1178 969 1249 fortuna
972 1176 1078 1251 ſsreudo
1088 1176 1128 1248 est.

344 1300 419 1359 Cum
438 1302 550 1378 quidam
572 1302 628 1378 ejus
641 1300 743 1357 amicus
765 1299 909 1360 Cornificii
929 1299 957 1356 in
976 1319 1037 1357 eum
1059 1298 1200 1357 malediila
1218 1311 1246 1357 et
1267 1298 1318 1356 ini·
1339 1310 1376 1393 76

344 1388 465 1447 micitias
488 1390 539 1447 fibi
559 1401 710 1448 enarraret:
738 1387 824 1468 Quaen
841 1403 929 1469 putas,
950 1386 1051 1465 inquit,
1078 1392 1122 1465 effe
1149 1388 1222 1465 heq'm
1244 1385 1299 1443 nial
1308 1425 1321 1437 ·

343 1476 466 1534 volentiae
489 1481 622 1554 confflem?
654 1479 724 1538 Nam
748 1500 822 1554 neque
840 1499 953 1558 'unquam
976 1478 1136 1551 Cornificium
1166 1476 1265 1556 offendi,
1296 1494 1321 1534 et

342 1583 399 1623 eum
424 1585 489 1622 amo.
537 1564 590 1628 Au,
623 1562 724 1640 lnquit,
759 1565 859 1644 Hefiodi
875 1568 1012 1639 stuteutiae
1041 1587 1087 1621 non
1119 1568 1255 1640 ruminali,
1278 1564 1324 1622 ubi

278 1679 282 1684 ·
344 1658 394 1717 ait,
421 1650 577 1709 architeetum
601 1652 732 1711 architecto
757 1647 880 1721 inuidere,
908 1669 933 1712 et
952 1654 1052 1729 poi'rarn
1070 1652 1168 1728 poi'tae,·
1200 1654 1242 1707 De
1265 1677 1320 1710 ma-

344 1738 387 1806 lis,
416 1738 516 1817 inquit,
541 1743 644 1800 Graecus
665 1742 708 1800 ille
731 1742 873 1798 intellexit:
902 1764 960 1797 narn
984 1740 1040 1797 boni
1060 1739 1199 1807 eruditiores¹
1221 1761 1320 1801 amant.

343 1828 398 1886 Sed
405 1854 498 1907 magna
509 1852 562 1887 curn
582 1824 655 1888 laude
667 1846 691 1887 et
702 1830 787 1909 gloria
799 1832 940 1886 vindruan
954 1836 980 1885 in
997 1850 1073 1884 manu
1093 1826 1178 1885 habeo.
1217 1829 1322 1909 Majore

344 1926 408 1975 euim
440 1940 501 1975 cura
532 1926 628 1975 virtuti
656 1919 802 1973 intendam:
841 1932 915 1993 atque
946 1939 991 1992 qao
1018 1914 1151 1994 elegantior
1179 1940 1222 1993 ego
1243 1920 1321 1992 fiam,

343 2026 370 2064 to
396 2005 575 2062 vehementiore
599 2006 700 2063 invidia
738 2018 872 2079 rumpetur.
924 2001 990 2062 Erat
1024 2002 1145 2078 Augusto
1180 2003 1322 2064 Familiarls
1339 2038 1376 2097 Π

346 2093 472 2151 Philistus
504 2086 627 2167 quidam,
655 2106 748 2154 orator
776 2106 802 2147 et
827 2091 919 2171 poesin
944 2090 1118 2148 mediocriter
1140 2091 1246 2159 doetus,
1276 2080 1322 2155 cuii

346 2179 492 2256 multiplex
516 2179 673 2257 variumque
696 2178 834 2255 ingenium
860 2193 927 2247 erat,
954 2178 1056 2256 quique
1089 2178 1210 2241 omnium
1231 2182 1344 2241 omnia.

344 2266 420 2327 dieta
445 2266 634 2342 reprehendere
662 2265 821 2325 conabatur:
865 2286 921 2324 nou
958 2281 989 2322 ut
1016 2261 1115 2324 vverum
1141 2266 1324 2345 dignosceret,

344 2354 422 2433 quod
447 2354 577 2436 ‘Socrates
599 2353 685 2415 facere
711 2352 859 2423 consuevit,
885 2354 929 2411 led
955 2368 985 2414 ut
1010 2354 1142 2415 eruditior
1174 2354 1321 2418 videretur.

345 2444 406 2502 Hic
444 2442 622 2520 Virgilium,⁴
643 2443 806 2522 ubicumque
833 2443 977 2508 convenire
1011 2442 1138 2510 dabatur,
1173 2446 1323 2504 maledidlis

344 2530 496 2609 salibusque
522 2531 647 2595 vexabat.
695 2531 787 2611 Qare
809 2531 856 2593 ille
879 2532 959 2611 saepev
972 2544 1020 2588 aut
1043 2532 1205 2591 tacibundus
1236 2535 1322 2593 disce-

345 2620 440 2686 debat,
463 2634 509 2677 aut
534 2620 643 2677 suffusus
665 2622 767 2697 pudore
790 2621 906 2685 tacebat,
951 2620 1071 2687 ¹Verum,
1104 2642 1167 2681 cum
1200 2618 1323 2701 Augusto
1370 2670 1375 2687 .,

344 2708 473 2774 audiente
491 2706 626 2783 elinguem
651 2708 726 2765 illum
752 2708 865 2775 diceret,
884 2722 912 2765 et
933 2708 1048 2765 cauffam
1078 2708 1160 2767 etiam
1181 2708 1266 2778 suam,
1302 2710 1322 2767 st

345 2797 470 2874 linguam
502 2796 621 2865 haberet,
657 2796 799 2856 defendere
829 2796 958 2873 nequire:
993 2796 1070 2865 Tace,
1095 2785 1204 2874 inquit,¹
1222 2787 1322 2857 rabula.

346 2889 417 2948 Nam
440 2885 495 2945 haec
520 2909 574 2943 mea
607 2896 766 2943 taciturnitas
792 2888 939 2969 defensorem
967 2888 1107 2961 cauffar'um
1133 2872 1241 2945 mearum
1268 2891 1323 2946 Αιι,

341 2980 438 3061 gresturn
450 2980 516 3052 fecit
534 2989 558 3029 er
580 2974 765 3041 Maecenarern,·
793 2990 817 3030 et
842 2996 872 3029 ea
893 2972 966 3036 tuba,
992 2996 1044 3056 cum
1064 2973 1130 3038 volo,
1154 2974 1244 3051 loquor,
1267 3000 1324 3051 quae

270 3099 272 3104 ·
346 3063 434 3140 ubique
465 3077 489 3117 et
517 3060 642 3133 diutffme
671 3064 794 3119 audietur.
852 3055 893 3117 ‘Tu
915 3057 1063 3135 loquacitate
1092 3084 1139 3117 non
1163 3064 1228 3117 modo
1252 3060 1329 3119 aurei
1373 3101 1380 3115 t

346 3153 476 3218 bominem,
491 3151 542 3225 sed
561 3173 638 3206 muros
663 3154 765 3225 rumpis.
823 3146 959 3227 Augustus
989 3163 1052 3201 vero
1076 3144 1215 3205 Philistum
1250 3151 1352 3225 gravi

346 3242 422 3297 vultu
434 3237 598 3314 increpavit.
657 3237 738 3293 Tunc
776 3235 869 3303 Mam,
901 3236 931 3289 Si
961 3244 1064 3309 ternpus,'
1095 3236 1196 3308 Caesnr,
1224 3226 1354 3313 inquit‚’

346 3331 447 3392 tacendi
465 3328 504 3386 hic
510 3330 597 3402 sciret,
616 3351 673 3384 raro
692 3327 835 3403 loqueretur.
878 3325 1022 3381 Tacendum
1034 3332 1097 3379 enirn
1101 3327 1197 3401 semper
1217 3330 1259 3399 ᾧ,
1280 3331 1330 3403 nfi
1370 3369 1376 3373 ·

346 3440 401 3475 curn
412 3422 570 3477 taciturnitas
593 3416 640 3473 tibi
651 3431 744 3481 noceat,
766 3429 811 3471 aut
825 3424 903 3471 oratio
922 3411 978 3487 aliie
986 3413 1072 3488 profit.
1115 3414 1184 3471 Nam
1208 3421 1252 3492 qui
1261 3410 1325 3476 Νη.

342 3508 436 3571 -tendit,
454 3520 477 3561 et
489 3528 524 3561 au
543 3512 694 3561 contentionis
697 3506 760 3577 finis
777 3502 845 3561 utilis
847 3504 897 3578 fir,
909 3524 957 3561 non
966 3510 1050 3567 novit,
1056 3503 1142 3576 stultis
1162 3503 1231 3562 illum
1244 3528 1326 3563 aranu,
1403 3549 1408 3553 ,

345 3593 491 3652 merandum
501 3597 626 3667 sapientes
637 3606 737 3666 putant·

387 3708 473 3766 XIX.
495 3708 665 3788 Posteaquam
692 3706 826 3783 Augustus
846 3705 948 3763 summa
972 3725 1059 3762 rerum
1081 3707 1203 3766 omnium
1223 3711 1325 3785 potitus
1344 3710 1382 3778 78

346 3799 395 3863 est,
430 3796 506 3857 venit
538 3795 566 3854 in
599 3808 729 3862 mentem,
768 3814 802 3850 an
842 3795 1003 3851 conduceret
1042 3794 1209 3869 tyrannidem
1247 3799 1328 3856 omit.

315 4036 318 4040 ,
381 3982 401 4043 ξ.
418 3991 458 4041 77.
490 3978 591 4044 Philotas
614 3992 668 4024 cum
687 3977 727 4024 suo
750 3976 815 4024 dieto
843 3970 846 3976 Δ
899 3975 919 4037 b
942 3975 980 4035 78.
1022 3977 1157 4041 Posteaquam
1188 3980 1331 4044 Augustar-

343 4043 533 4096 'commentitius¹
551 4042 816 4091 Grammaticorumho-
867 4041 1038 4088 Commentum
1049 4043 1093 4087 hoc
1109 4044 1193 4103 parum
1209 4045 1271 4090 acuti
1288 4044 1331 4089 ho-

347 4126 390 4160 mo
408 4108 453 4155 elle
471 4108 573 4155 videtur.
592 4127 593 4130 ¹
617 4106 727 4153 Phiiittos
741 4106 827 4170 varioe
867 4105 938 4151 minis
949 4104 992 4151 elle
1012 4118 1109 4152 monere
1129 4106 1216 4153 necclle
1235 4107 1331 4155 nonest.

348 4184 443 4221 enarrat
498 4171 587 4220 Fabric.
636 4171 665 4217 ad
710 4172 814 4218 Dionem
863 4169 926 4217 coni.
947 4172 1050 4222 Rumam
1069 4170 1126 4217 Vita
1145 4173 1215 4232 Virg.
1233 4166 1355 4228 ad725t'

344 4236 574 4299 ·xxxvl11‚18,§
589 4236 629 4299 89,
640 4235 680 4281 sed
695 4234 774 4281 nullus
788 4251 816 4283 ex
843 4236 847 4242 ’
863 4235 956 4281 Scilicet
971 4236 1096 4297 poetarum
1111 4235 1205 4281 consilia
1223 4234 1285 4281 hilce
1302 4236 1332 4281 de

346 4303 378 4353 iis
389 4300 428 4348 hic
443 4300 522 4348 locum
532 4300 610 4348 habet.
644 4300 743 4375 elinguem
752 4300 817 4361 quod
864 4298 935 4346 rebus
952 4310 1062 4361 expetent
1080 4300 1189 4361 tyranni!
1215 4300 1283 4344 Forte
1304 4315 1333 4346 ex

347 4365 418 4422 dixit,
428 4365 523 4413 videtur
533 4365 624 4413 diuum
635 4365 749 4433 respicere
764 4366 817 4413 Me·
866 4364 1001 4410 Rhetorum
1012 4363 1096 4410 scholis
1111 4362 1188 4417 fluxit,
1207 4361 1231 4409 in
1249 4363 1334 4424 quibus

348 4428 483 4499 liminius.
496 4442 535 4491 27.
866 4426 1045 4479 declamationis
1061 4438 1204 4493 argumento
1220 4427 1334 4499 inservire
1370 4462 1375 4467 .

1246 4500 1334 4556 potuit.
1437 4506 1439 4508 ’
