3575 5509
567 660 915 747 uueourcu,
955 660 1086 734 scu.
1127 661 1247 735 v111..
1324 684 1391 759 139

442 872 444 876 '
462 863 521 936 Tu
535 863 627 959 mihi
644 862 702 935 seu
719 862 840 958 magni
857 832 1080 961 superasjam
1089 858 1171 932 saxa
1185 859 1344 954 Timavi,

411 1002 494 1072 Sive
509 996 609 1071 oraru
621 996 859 1093 lllyricilegis
877 998 1050 1092 aequoris;
1077 1021 1120 1069 en
1137 998 1203 1069 erit
1219 1021 1394 1093 umquam

413 1139 480 1210 Ille
496 1138 583 1233 dies,¹
593 1136 684 1226 mihi
695 1103 983 1244 ¹cumliceattua
999 1136 1118 1208 dicere
1135 1134 1249 1208 fasta?
1321 1169 1323 1175 v
1417 1157 1419 1162 ’

399 1275 470 1347 ‘En
482 1274 559 1359 erit,
576 1291 616 1344 ut
633 1272 873 1372 liceatptotum
885 1258 978 1344 'mihi
996 1273 1085 1345 ferre
1104 1296 1168 1369 per
1179 1270 1302 1377 orbem

410 1410 493 1482 Sola
509 1409 706 1505 Sophocleo
722 1427 783 1507 tua
792 1407 956 1507 'carmina
968 1406 1076 1504 digna
1092 1407 1297 1500 ¹cothurno?
1348 1431 1394 1483 10
1418 1477 1424 1488 ,

411 1543 447 1614 A
461 1562 495 1614 te
510 1541 748 1641 principium
765 1542 842 1620 ,tibi
856 1540 990 1638 desinet
1000 1578 1017 1639 ςΙ
1036 1542 1162 1638 adcipe
1170 1540 1271 1639 juffis
1373 1575 1378 1631 j

444 1739 468 1789 ⁶.
475 1743 526 1805 jam
542 1744 614 1809 magni
622 1744 711 1806 strperas
720 1744 760 1805 seu
776 1741 973 1803 Parrhas.-7.
990 1744 1044 1805 regis
1062 1752 1161 1804 quartus
1171 1740 1262 1791 Mureti
1278 1751 1303 1790 et
1318 1738 1391 1789 Leid.

409 1820 479 1863 eterit
490 1818 581 1865 Medic.
594 1835 608 1865 a
619 1835 656 1883 pr.
666 1818 790 1867 ηιμ-8.
806 1823 865 1867 liceat
876 1822 928 1867 mihi
939 1838 983 1889 cunp
998 1830 1035 1865 tua
1051 1818 1098 1866 duo
1111 1820 1203 1865 Moret.
1236 1821 1289 1866 mihi
1299 1828 1321 1865 ul
1331 1820 1392 1864 liceat

408 1893 501 1958 prImus
511 1894 615 1942 Mureti.
641 1898 692 1942 mihi
702 1916 740 1958 quo
751 1899 766 1941 l.
776 1895 850 1943 Goth.
862 1896 996 1958 sec—9.
1004 1895 1063 1941 liciat
1073 1896 1124 1941 mibi
1130 1903 1192 1941 totum
1202 1894 1262 1943 alter
1273 1894 1390 1942 Rottend.

409 1982 514 2018 -11.
528 1973 597 2035 desinit
607 1971 687 2020 Schol.
699 1973 787 2019 Horat.
799 1973 890 2035 Cruqu.
903 1972 935 2019 ad
945 1970 1019 2036 Epist.
1032 1972 1052 2029 l,
1064 1986 1086 2029 1,
1098 1983 1110 2018 1
1120 1987 1176 2017 cum
1186 1970 1256 2019 Leid.

408 2154 550 2227 requiescere
558 2168 620 2205 cum
631 2148 692 2206 casu
721 2163 876 2207 uartonon-
923 2155 1038 2207 carmina
1064 2162 1144 2224 capta
1168 2155 1225 2206 tuis.
1271 2145 1305 2203 In
1335 2143 1392 2205 illis

409 2244 556 2300 numquam
584 2225 670 2303 ungi,
702 2168 798 2285 locuit
819 2227 877 2303 jani
914 2231 1038 2303 stre-scu
1050 2225 1127 2283 color
1144 2225 1239 2281 duetus
1258 2223 1292 2281 ab
1312 2223 1390 2282 invo-

410 2301 527 2361 Servius.
566 2248 641 2360 diris
660 2324 714 2378 233
735 2305 791 2381 Qu
806 2314 876 2380 rapi·
923 2303 1031 2361 catione
1040 2303 1169 2360 deorum:
1188 2299 1350 2378 quocunque
1359 2300 1390 2357 iu

408 2381 449 2436 dos
460 2388 535 2437 etiam
548 2383 694 2458 requiescunt
694 2386 807 2455 flumina
817 2404 875 2440 cur·
922 2383 1027 2439 locoru
1039 2379 1167 2447 versaris·
1179 2378 1217 2438 cf.
1230 2378 1349 2436 Theocr.
1362 2377 1390 2445 I,

398 2460 456 2531 sus.
495 2456 873 2537 Calpurn.Ecl.H‚15i'ta
925 2478 1081 2535 123.124.
1132 2457 1258 2514 Timavus
1283 2455 1314 2512 in
1340 2474 1389 2512 ora

405 2534 546 2610 exprellit:
567 2536 604 2591 Et
619 2542 777 2607 tenueresuos
785 2552 872 2612 prope·
920 2536 1028 2604 Adriae,
1045 2544 1104 2594 'uon
1117 2535 1199 2611 longe
1212 2532 1247 2593 ab
1261 2531 1390 2611 Aquileia
1496 2555 1499 2570 =

408 2614 615 2684 rantiaflumina
634 2616 726 2685 cursus·
777 2615 875 2691 Lyncus
921 2613 1019 2671 fluvius
1029 2632 1064 2670 ex
1077 2627 1147 2670 terra
1159 2630 1255 2669 novem
1268 2610 1390 2669 fontibus
1469 2625 1476 2642 ³

407 2706 474 2745 vero
505 2687 575 2745 nolis
609 2688 637 2746 in
670 2688 719 2745 tali
755 2689 876 2748 carmine
921 2689 966 2748 seu
986 2690 1121 2769 capitibus
1139 2688 1299 2767 progreffus,
1311 2686 1389 2746 brevi

406 2763 504 2832 dielas,
522 2764 597 2843 quod
618 2766 653 2823 ad
673 2764 795 2824 Siciliam
814 2786 874 2843 per-
920 2766 1012 2836 cursu,
1031 2768 1157 2825 inunum
1170 2766 1389 2840 alveumcollec7
1458 2802 1472 2815 ,
1511 2776 1516 2787 ·

404 2839 483 2912 tinet.
516 2842 613 2900 Certat
621 2862 684 2900 cum
692 2840 814 2921 Virgilio
822 2844 873 2901 Po·
921 2858 976 2911 tus,
1002 2845 1059 2902 lato
1084 2844 1191 2920 altoque
1220 2841 1332 2900 flumine
1356 2843 1388 2901 in

404 2916 466 2997 pius
478 2920 576 2997 Pastor.
594 2919 635 2986 ΙΙ,
647 2919 719 3009 5s.
760 2977 770 3009 ,υ
921 2940 995 2979 mare
1007 2922 1076 2978 exit.
1095 2918 1134 2977 cf.
1148 2920 1214 2977 AEu.
1226 2919 1252 2986 Ι,
1274 2938 1341 2995 244,
1359 2933 1396 3007 ct,

445 2999 550 3071 6-13.
578 2996 675 3062 Asmro
723 2995 831 3066 ollroni,
856 3018 874 3055 a
921 2998 963 3055 ibi
976 2995 1089 3056 Excurs.
1102 2996 1169 3053 VII.
1210 2994 1284 3056 Cum
1297 2995 1388 3068 Pollio

404 3092 459 3149 quo
475 3074 557 3150 julius
574 3089 632 3133 erat
645 3093 753 3132 carmen
765 3074 873 3132 bucoli-
919 3073 1069 3133 exercitum
1082 3074 1131 3131 illo
1144 3087 1264 3150 tempore
1280 3072 1309 3129 in
1323 3070 1406 3132 Par-.
1487 3095 1489 3100 ¹

404 3169 466 3207 cum
489 3151 618 3221 condere,
644 3151 779 3229 Eclogam
803 3150 873 3209 hanc
923 3150 1013 3210 thiuos
1026 3152 1147 3219 duceret,
1165 3163 1193 3207 et
1211 3146 1323 3225 quidem
1341 3167 1388 3226 pe·

405 3226 545 3286 inscribit:
566 3228 704 3305 pollicitus
724 3228 873 3307 aliquando
919 3229 999 3287 destri
1031 3226 1147 3295 itinere:
1179 3226 1266 3284 adhuc
1288 3224 1335 3283 ille
1356 3224 1402 3284 in'

404 3324 514 3361 carmen
527 3308 622 3381 majus,
642 3326 696 3383 quo
712 3308 769 3384 ejus
781 3305 873 3366 laudes
923 3305 999 3363 Istria
1010 3305 1110 3363 haerere
1127 3318 1173 3363 aut
1195 3302 1305 3362 ulterius
1324 3323 1387 3381 pro·

403 3381 634 3457 comprehendat:
665 3403 724 3460 quae
749 3382 870 3461 duplicis
920 3382 1018 3473 gressus
1038 3376 1088 3439 effe
1102 3395 1217 3461 poterat.
1261 3380 1291 3440 Si
1312 3381 1388 3457 prius

403 3456 511 3532 generis
531 3458 603 3529 sunt,
623 3474 652 3517 et
675 3479 766 3517 rerum
786 3462 871 3539 gesta·
918 3461 1005 3519 illud:
1046 3474 1149 3517 montes
1174 3471 1250 3516 eraut
1282 3456 1386 3535 trajici-

404 3552 465 3589 rum
479 3554 506 3591 v.
527 3538 556 3602 8,
575 3549 603 3593 et
621 3536 726 3612 ingenii
745 3556 869 3615 operum·
918 3537 994 3605 endi,
1013 3537 1043 3595 iu
1063 3535 1161 3615 quibus
1173 3534 1286 3596 Timavi
1298 3534 1387 3596 fontes

403 3629 457 3688 que
468 3610 638 3687 poeticorum
655 3632 685 3689 9.
702 3634 745 3672 10.
786 3614 871 3693 Qud
918 3614 989 3673 sunt.
1028 3634 1056 3692 7.
1082 3619 1170 3673 merit
1189 3635 1316 3692 umquam.
1346 3613 1386 3675 cf.

403 3706 503 3745 nomen
537 3686 669 3745 Pollionis
707 3688 870 3767 adscriptum
919 3694 954 3749 ad
977 3690 1038 3749 Ecl.
1060 3690 1087 3759 Ι,
1109 3695 1156 3749 68.
1199 3709 1242 3749 10.
1263 3689 1322 3746 Sola
1340 3693 1387 3750 So·

402 3784 459 3823 non
472 3764 518 3833 est,
531 3764 600 3823 forte
613 3765 648 3823 sic
661 3765 780 3834 excuses,
797 3769 871 3844 quod
914 3761 1205 3845 phocleo-tragoedias
1236 3782 1294 3824 tuas
1335 3768 1386 3825 So-

402 3842 433 3899 in
453 3841 543 3899 fronte
564 3842 710 3900 voluminis
733 3842 803 3900 illud
822 3845 870 3902 ad·
918 3846 1014 3921 phocle
1036 3843 1146 3924 dignas,
1172 3844 1225 3902 slve
1238 3844 1387 3921 Sophocle-

401 3918 533 3997 scriptum
546 3935 612 3978 erat.
645 3919 870 3997 Interpuugebam
917 3941 961 3979 am
983 3920 1144 3994 gravitatem
1168 3940 1200 3980 ac
1225 3922 1387 3998 majestatem

401 3995 470 4055 olim
489 4017 552 4055 cum
572 3997 633 4055 aliis
647 3996 772 4063 Tumihi,
785 4012 870 4057 etac-
916 3999 1104 4076 exprimentes,
1123 4013 1153 4056 ut
1183 3998 1242 4068 IX,
1261 4019 1295 4078 35
1319 4002 1387 4058 Varo

399 4068 870 4212 pgplpllplatpirgllClpracsesgvffetlsitsilgt
916 4076 1385 4231 {tingipgpliofflatmgugpipscffl-
1480 4095 1484 4103 Ι

399 4172 530 4287 riilaelu
559 4226 621 4289 effe⁴
634 4198 696 4289 alili.
717 4230 867 4308 abreptum.
916 4231 1041 4309 posuiffe,
1049 4230 1253 4311 supravidimus
1261 4230 1320 4287 licl.
1329 4206 1389 4299 111,'

398 4305 486 4374 Recte
516 4306 652 4380 haetenus,
682 4309 755 4387 quod
787 4317 869 4386 poeta
919 4310 1021 4389 δῄῳ,
1044 4323 1070 4366 et
1091 4310 1191 4367 Horat.
1214 4307 1272 4362 Od.
1294 4305 1335 4375 11,
1358 4326 1384 4365 1.

399 4384 539 4462 inceptum
552 4384 701 4446 sermonem
713 4386 821 4452 deserit,
840 4402 868 4446 ct
916 4386 969 4448 Eas
982 4404 1070 4446 tamen
1080 4401 1151 4453 tum,
1163 4404 1227 4441 cum
1235 4389 1319 4461 poeta
1328 4385 1387 4462 haec

374 4465 377 4471 ’
398 4460 549 4539 interponit
567 4459 680 4522 ἔνθεσιῶν
693 4463 757 4521 illa:
778 4487 809 4521 en
820 4474 868 4522 erit
915 4464 1043 4538 scriberet
1052 4462 1136 4522 Maro
1148 4463 1271 4519 nondum
1287 4462 1317 4519 iu
1326 4460 1388 4550 vul-

396 4538 869 4696 dullteff
916 4540 1387 4704 salacissimus

1337 4711 1386 4752 uix
