3575 5509
395 661 502 712 ecxrr
544 638 584 712 P.
612 633 829 711 VIRGILII
856 636 1095 711 MARONIS
1122 632 1245 726 VITA

391 850 528 923 gaudentrs
537 870 595 907 rure
608 849 750 905 Gammae.
793 843 1021 927 Qrodjudicium
1031 842 1184 903 cumunicc
1194 841 1229 901 ad
1244 840 1383 902 Bucolici

395 952 425 993 ct
439 939 583 1013 Georgica
595 939 696 1017 spcilet
714 937 788 1014 (vid.
799 938 893 996 infide
903 937 1034 995 Carmine
1047 935 1174 994 bucolico
1183 934 1378 1019 p.13l,cum-

396 1046 451 1104 que
464 1026 569 1086 ibidem
580 1052 589 1097 3
590 1036 667 1105 sirie
679 1043 733 1103 epos
747 1050 816 1093 acer,
828 1027 868 1086 Ut
883 1046 974 1091 nemo,
987 1029 1080 1083 Varius
1093 1028 1174 1091 ducit,
1185 1021 1324 1097 adjelium
1335 1025 1381 1090 fit,

396 1116 465 1177 nihil
475 1116 564 1174 adhuc
573 1118 608 1175 de
619 1116 735 1177 AEncide
745 1133 804 1175 tum
814 1118 926 1194 po‘e'tam
932 1114 1074 1194 cogitasset
1082 1113 1150 1171 nihil
1158 1114 1381 1191 certe-vulgasse,

396 1205 541 1283 probabile
556 1205 596 1264 srt.

773 1322 822 1399 U.
852 1328 894 1399 C.
924 1333 1005 1423 728.

460 1436 566 1545 Caſsrr
580 1450 737 1548 Augustis
756 1453 854 1525 VIII.
905 1451 945 1524 T.
965 1454 1117 1526 Statilius
1134 1454 1261 1529 Taurus
1277 1456 1326 1528 II.

629 1601 661 1647 a.
684 1575 720 1649 C.
743 1577 799 1647 26.
852 1564 1149 1671 Wrgilir'44-45.

437 1703 497 1773 llll
510 1711 576 1772 Kal.
586 1712 667 1771 Febr.
678 1711 753 1770 Sext.
766 1711 900 1792 Apuleius
913 1733 948 1770 ex
957 1712 1092 1791 Hispania
1101 1713 1300 1793 triumphavit:
1315 1735 1380 1775 eum

399 1803 494 1883 iiaq'ue
507 1801 645 1880 superiore
659 1820 731 1858 anno
752 1820 795 1858 res
815 1802 844 1859 in
862 1801 996 1881 Hispania
1014 1802 1134 1862 feliciter
1145 1806 1246 1884 gellrll'e
1264 1805 1384 1864 credere

399 1897 476 1955 licet.
518 1892 664 1951 Cornelius
679 1892 777 1949 Gallus
795 1892 901 1969 primus
920 1892 1039 1971 AEgypti
1057 1895 1199 1972 praefesius
1214 1895 1382 1976 Augustalis,

401 2008 464 2047 curn
483 2001 597 2064 propter
609 1984 695 2041 multa
706 1983 840 2063 flagitiose
860 1986 920 2042 asia
939 1983 1053 2043 infamia
1073 1986 1109 2043 ab
1124 1988 1248 2067 Augusto
1260 2003 1381 2065 notatus,

401 2089 504 2135 mosset
515 2074 623 2134 senatus
628 2071 735 2148 judicio
745 2073 889 2132 damnatus
899 2075 975 2140 ellet,
989 2074 1112 2133 dolorem
1126 2095 1183 2135 non
1200 2076 1301 2143 serens,
1319 2096 1382 2152 pce*

401 2186 466 2224 nam
479 2165 569 2223 morie
580 2162 735 2221 voluntaria
745 2151 903 2222 antevertit.
943 2164 1001 2223 Dio
1014 2159 1100 2230 Lm,-
1115 2186 1165 2253 ²3?
1204 2159 1271 2242 Ejus
1287 2168 1383 2226 laudes

403 2271 503 2335 quarto
520 2253 728 2331 Georgicorum
746 2254 817 2314 libro
837 2255 954 2333 Augu'lli
964 2255 1034 2331 jussu
1055 2273 1113 2314 tum
1137 2256 1255 2316 sublatas
1275 2258 1382 2317 Aristaei

403 2345 502 2403 fabulae
521 2345 613 2401 locum
627 2343 730 2410 secille,
744 2358 855 2404 narrant
880 2345 1079 2404 Grammatici.
1103 2366 1134 2405 v.
1153 2346 1259 2407 Donat.
1285 2345 1312 2423 §-
1332 2362 1382 2428 39.

402 2434 513 2494 Servius
525 2433 561 2491 ad
569 2432 630 2493 Ecl.
647 2434 683 2501 X,
701 2452 726 2492 1.

757 2548 805 2618 U.
834 2548 878 2621 C.
933 2569 989 2622 α’.

512 2673 617 2772 Caesitr
629 2675 785 2770 Angustus
801 2675 866 2747 IX.
908 2569 976 2749 7ill9
988 2677 1112 2765 Junius
1128 2675 1266 2748 Silanus.

638 2824 670 2869 a.
687 2799 723 2870 C.
741 2822 798 2894 25.
851 2800 983 2895 Virgilii
995 2798 1145 2892 45-46.
1251 2809 1253 2814 '

445 2903 596 2997 Expeditio
608 2912 725 2999 Augusti
737 2922 766 2980 in
785 2921 954 2981 Cantabros.
993 2920 1144 2980 Absentem
1156 2927 1219 2980 eum
1232 2941 1249 2980 a
1260 2922 1382 3005 Virgilio

405 3006 504 3068 litteris
518 3008 570 3067 suis
583 3010 728 3069 AEneidem
738 3012 880 3091 flagitasse,
893 3013 1024 3071 Donatus
1037 3025 1173 3071 memorat
1188 3012 1212 3089 l.
1227 3014 1278 3091 46,
1292 3016 1340 3076 ubi
1352 3038 1381 3076 v.

405 3100 475 3157 Not.

445 3190 508 3247 Hoc
517 3203 544 3245 et
554 3188 682 3266 sequente
695 3205 767 3248 anno
783 3178 871 3250 AElius
882 3182 981 3250 Gallus
996 3199 1032 3250 e'x'
1045 3183 1172 3271 AEgypto
1185 3183 1342 3252 exercitum
1353 3194 1382 3254 in¹

407 3277 540 3334 Arabiam
551 3277 659 3336 felicem
674 3278 772 3338 duxit?
792 3300 820 3338 v.
834 3280 893 3339 Dio
905 3282 989 3346 LIII,
1004 3301 1050 3358 29.
1063 3278 1155 3338 Slrab.
1169 3279 1251 3346 XVI,
1265 3300 1293 3356 p.
1309 3286 1384 3343 1126

406 3366 463 3443 sqq.
505 3367 598 3423 Potuit
613 3366 746 3443 Virgilius
761 3369 807 3425 illa
817 3367 952 3447 respicere
965 3368 995 3427 in
1008 3369 1129 3427 versibus
1141 3366 1177 3427 de
1193 3371 1266 3445 Jano
1280 3372 1383 3432 resera-

407 3469 437 3511 to
450 3454 511 3510 AEn.
522 3454 590 3519 VII,
603 3454 669 3529 604.
682 3456 718 3512 60
722 3476 735 3532 ς
753 3458 819 3513 Sive
832 3455 905 3515 Getis
912 3450 1010 3536 irfferre
1021 3480 1097 3516 manu
1108 3457 1265 3518 lacrimabile
1283 3459 1383 3529 bellum,

407 3546 580 3620 Hyrcanffvc,
589 3543 734 3611 Arabisve,
741 3559 850 3620 parant.

779 3720 829 3791 U.
857 3721 899 3791 C.
929 3744 1010 3817 730.

507 3854 611 3945 Caesar
635 3854 789 3952 Angustus
806 3859 848 3930 X.
900 3864 936 3933 C.
956 3860 1128 3933 Norbanus
1144 3862 1288 3937 Flaccus.

559 3974 561 3977 Α
636 4007 668 4052 a.
686 3980 722 4051 C.
741 4001 797 4073 23.
849 3981 979 4078 Virgilii
992 3982 1142 4079 46-47.

451 4106 547 4175 Altera
575 4115 635 4173 vice
663 4118 766 4175 clausus
790 4120 876 4195 Janus
905 4120 1030 4198 Angusto
1056 4139 1093 4178 ex
1118 4121 1253 4198 Hispania
1285 4122 1387 4182 reduce

409 4200 597 4283 Hieronymus
611 4208 717 4265 Chron.
732 4208 831 4267 Euseb.
851 4210 886 4266 ad
898 4210 1013 4286 Olymp.
1032 4209 1133 4287 189,‘1
1150 4213 1307 4289 Quinctilius
1325 4214 1388 4272 Cre·

409 4321 492 4355 menen
500 4321 532 4362 rs,
557 4297 664 4374 Virgilii
681 4314 705 4354 et
728 4300 835 4358 Horatii
837 4300 1000 4378 familiaris,
1017 4306 1131 4357 moritur.
1174 4301 1217 4358 De
1237 4302 1296 4376 ejus
1310 4303 1389 4361 obitu

409 4388 564 4447 consolatur
575 4386 726 4465 Virgilium
744 4390 876 4448 Horatius
904 4406 970 4447 noto
987 4391 1109 4449 carmine
1129 4389 1179 4449 lib.
1201 4392 1228 4458 I,
1250 4392 1310 4451 Od.
1340 4413 1390 4471 24.

411 4476 481 4555 Quis
500 4476 546 4535 ille
559 4476 722 4556 Qinciilius
737 4478 830 4546 suerit,
841 4478 1003 4560 ignoratur3
1025 4500 1077 4539 nec
1097 4482 1187 4559 magis
1202 4482 1390 4560 exploratum,

1327 4591 1391 4649 quia
