3575 5509
446 710 448 726 2
528 674 643 749 PER
690 674 896 751 anuos
945 639 1400 760 ῡΙοΕετΑζοωη

411 877 526 937 modum
537 879 614 949 levis,
627 900 689 940 natu
702 899 753 939 cur
762 899 818 938 non
831 881 931 940 multoe
942 882 999 961 post
1009 901 1093 940 annos
1105 881 1222 959 ejusdem
1245 884 1283 941 rei
1298 904 1401 944 memo-
1417 885 1420 890 '

412 964 455 1024 ria
467 964 568 1043 pariter
579 966 647 1025 bene
661 968 780 1025 carmine
791 968 850 1024 sieri
863 968 1008 1052 potuisset?
1027 969 1146 1029 litamen
1167 972 1323 1047 coujestura
1341 962 1400 1033 hae'c

410 1056 535 1123 deanno,
549 1075 603 1132 quo
615 1055 715 1137 scripta
727 1057 759 1113 stt
773 1056 878 1133 Ecloga
890 1056 931 1123 V,
944 1056 1075 1141 firmanda
1086 1058 1159 1125 esset,
1172 1060 1247 1119 aliud
1257 1060 1398 1139 aliquanto

409 1141 514 1203 firmius
538 1158 729 1221 argumentum
754 1144 891 1202 afferrem:
922 1146 952 1222 ie
975 1143 1022 1204 IX
1047 1143 1109 1208 Ecl.
1122 1166 1149 1203 v.
1165 1167 1209 1224 19,
1223 1165 1260 1206 zo
1278 1149 1395 1224 Quen.

412 1245 484 1290 neret
496 1233 616 1309 nymphas
629 1237 646 1289 ἓ
665 1241 718 1308 quis
730 1230 977 1306 humumstorentibus
985 1232 1067 1290 herbis
1080 1233 1237 1310 Spargeret?
1253 1253 1299 1293 aut
1310 1241 1395 1297 viridi
1401 1285 1406 1301 ,

399 1327 490 1403 finees
498 1324 623 1379 induceret
635 1316 748 1376 umbra?
766 1318 840 1376 haud
853 1318 936 1376 dubie
946 1318 982 1375 ad
992 1319 1052 1380 Ecl.
1067 1320 1106 1387 V,
1119 1342 1165 1380 20.
1178 1341 1216 1396 40
1230 1322 1371 1400 respicitur
1376 1360 1387 1405 3

405 1429 468 1469 eam
490 1410 583 1484 itaque
608 1426 690 1473 nona,
717 1426 796 1483 quam
816 1425 840 1465 a.
854 1427 909 1487 713
922 1407 1048 1485 scriptam
1067 1408 1118 1468 effe
1142 1409 1251 1489 liquido
1271 1414 1386 1485 constat,

409 1500 531 1584 priorem
541 1496 602 1567 effe,
614 1497 712 1560 neeesse
720 1496 767 1559 est.

797 1677 849 1749 U.
868 1675 923 1748 C.
975 1700 1027 1749 1.

464 1804 509 1884 P.
528 1804 684 1877 Servilius
703 1802 800 1873 Vatia
818 1700 976 1895 Isauricul
991 1700 1042 1873 is.
1094 1804 1138 1877 L.
1157 1782 1324 1882 Antonm
1367 1807 1369 1900 ζ

637 1940 669 1989 a·
688 1916 820 2005 C.41.¹
856 1912 984 2012 Virgilii
1000 1914 1148 2011 294-30.
1446 1942 1448 1945 ⁴

444 2067 612 2127 Osiavianue
636 2061 728 2119 Caesar
746 2062 864 2119 Romam
889 2062 1004 2120 reversus
1028 2063 1094 2119 dum
1120 2064 1252 2121 veteranis
1279 2065 1394 2149 praemia¹

404 2158 556 2240 persolvere
568 2152 703 2229 eosqueiu
727 2170 804 2228 agros
828 2148 1003 2227 municipales
1022 2150 1110 2208 Italiae
1122 2170 1138 2208 a
1149 2152 1314 2210 Triumviris
1325 2175 1388 2231 pro.

406 2247 497 2307 missos
516 2244 649 2301 deducere
667 2238 792 2306 instituit,
820 2238 940 2317 ingentes
963 2258 1010 2316 per
1034 2239 1142 2301 Italiam
1163 2241 1265 2311 turbae,
1286 2245 1387 2319 partim

404 2356 511 2403 eorum,
524 2332 573 2411 qui
585 2328 780 2407 possessionibus
791 2327 844 2385 suis
857 2326 1046 2403 ejiciebantur,
1067 2327 1268 2407 indignatione,
1287 2333 1386 2409 partim

405 2425 523 2485 militum
536 2419 629 2482 effreni
641 2416 791 2495 eupiditate
800 2431 827 2477 et
839 2417 965 2486 audacia,
977 2420 1012 2477 de
1024 2436 1078 2496 qua
1089 2439 1116 2476 v.
1133 2419 1251 2498 Appian.
1265 2440 1292 2497 p.
1312 2428 1385 2483 1082

402 2518 461 2592 sqq·
481 2512 599 2570 Dionem
611 2507 683 2568 Cass·
697 2505 822 2574 XLVII,
839 2526 900 2584 ¹7··
927 2506 1027 2565 Vellei·
1041 2506 1083 2573 Π,
1102 2528 1152 2587 74,
1173 2508 1286 2567 excitari
1298 2509 1385 2569 ridet·

403 2605 469 2682 Qa
481 2602 516 2658 de
527 2619 555 2657 re
573 2620 601 2657 v.
615 2598 814 2673 Argumentum
837 2596 898 2678 Eel·
920 2596 944 2659 Ι.
984 2596 1119 2655 Latiffime
1138 2613 1228 2655 autem
1246 2600 1385 2658 calamitas

404 2691 455 2749 illa
474 2686 550 2746 etad
568 2683 778 2762 quamplurimos
790 2682 923 2761 pertinere
943 2684 1048 2753 debuit,
1069 2681 1108 2741 ita
1118 2702 1147 2743 ut
1159 2687 1285 2744 maximae
1296 2688 1384 2749 sortu.

410 2797 506 2842 narum
520 2773 699 2833 conversiones
711 2766 927 2848 insequerentur;
946 2772 1063 2829 undeet
1084 2773 1219 2830 Antonius¹
1238 2774 1309 2851 apud
1324 2779 1385 2852 Ap,
1425 2827 1428 2834 ,

401 2868 513 2945 pianum
525 2864 552 2941 p'
572 2883 642 2939 1075
656 2860 745 2920 dicere
755 2860 856 2937 potuit,
870 2860 1050 2920 Oebarianum
1064 2860 1093 2916 in
1108 2862 1214 2917 ltaliam
1233 2861 1289 2927 isse,
1308 2863 1328 2919 st
1342 2884 1383 2923 res

401 2957 518 3017 dicenda
535 2954 577 3021 stt,
603 2969 739 3029 tamquam
762 2971 869 3008 omnem
892 2950 1001 3006 Italiam
1023 2949 1130 3005 sedibus
1151 2948 1204 3005 suis
1217 2964 1382 3022 emotutum,

403 3053 533 3117 &rarione
546 3048 588 3106 rio
599 3046 714 3104 Ιταλίαν.
761 3041 819 3098 Vix
831 3042 905 3099 enim
915 3043 951 3098 esi
963 3060 1036 3097 exea
1048 3054 1126 3097 aetate
1136 3042 1226 3113 poeta,
1240 3056 1285 3095 aut
1300 3040 1383 3118 scrip,

401 3158 456 3209 tor,
483 3137 531 3216 qui
551 3154 606 3192 non
626 3133 765 3191 communi
784 3132 860 3192 clade
873 3130 1002 3187 afflistum
1016 3128 1041 3185 se
1054 3142 1205 3185 memoret„
1231 3126 1308 3183 Hinc
1330 3129 1382 3188 Ti.
1482 3143 1484 3148 ’

402 3226 547 3306 bullifelix
560 3225 692 3304 quondam,
717 3246 781 3279 nunc
788 3236 886 3297 pnrrprr
897 3243 969 3298 ager,
988 3219 1013 3284 l,
1031 3238 1056 3284 1,
1075 3236 1193 3295 19-z3.
1216 3213 1254 3272 cf.
1277 3215 1331 3284 IV,
1355 3238 1381 3291 1,

406 3303 564 3394 18'3-190.
604 3310 756 3388 Propertius
768 3311 802 3367 de
815 3309 840 3365 se
848 3308 904 3375 IV,
923 3328 946 3372 1,
962 3329 1013 3378 ηε)
1028 3306 1098 3364 Nam
1114 3324 1224 3362 runcum
1237 3302 1311 3360 multi
1319 3330 1381 3364 ver.

392 3412 483 3482 ‚fierent
495 3426 556 3460 rura
568 3404 687 3478 juvenci,
699 3394 923 3471 Abstulirexcultas
932 3405 1027 3469 pertica
1041 3397 1114 3479 rrfiis
1124 3409 1185 3468 opes.
1228 3390 1302 3448 Dum
1317 3393 1381 3454 Ful,

401 3495 458 3557 via,
472 3481 649 3549 M.'Antonii
661 3502 739 3548 uxor,
749 3482 915 3539 coloniarum
930 3480 1120 3537 dedudlionem
1132 3480 1160 3536 in
1171 3478 1224 3536 viri
1235 3478 1379 3540 adventum

401 3579 578 3639 differendam
590 3576 638 3632 esse
651 3572 805 3631 contendit:
828 3572 861 3629 L.
878 3571 1025 3636 Antonius,
1047 3570 1135 3627 Marci
1150 3569 1242 3635 frater,
1265 3571 1380 3642 Consul,

400 3690 483 3732 novas
501 3683 527 3725 et
548 3666 603 3745 ipse
615 3685 655 3721 res
668 3662 790 3728 molitur,
803 3678 829 3717 et
843 3660 941 3737 partim
956 3659 1000 3725 iis,
1021 3661 1068 3735 qui
1081 3658 1189 3735 praediis
1202 3674 1229 3714 et
1241 3660 1312 3736 agris
1325 3661 1380 3718 suis

400 3759 569 3820 exciderant,
582 3772 662 3831 opem
673 3750 745 3807 suam
760 3750 926 3827 pollicendo,
938 3750 1035 3824 partim
1051 3748 1182 3803 Caesarem
1196 3746 1230 3801 ad
1243 3762 1381 3806 veteranos

400 3847 587 3911 criminando,
600 3860 730 3920 magnum
746 3839 894 3896 exercitum
909 3851 1056 3914 comparat,
1073 3837 1227 3908 bellumque
1246 3833 1276 3890 in
1289 3836 1354 3893 Caes
1367 3876 1379 3887 .

399 3966 456 4005 rem
468 3942 569 4000 movet.

436 4034 469 4089 In
491 4031 537 4088 illa
559 4025 665 4105 agraria
688 4018 832 4097 largitione
853 4022 919 4090 (non
940 4017 1012 4073 enim
1034 4016 1067 4073 ad
1095 4015 1175 4071 aliam
1200 4015 1273 4071 trahi
1296 4019 1379 4100 posse,
1448 4057 1451 4064 „

398 4140 560 4202 quamquam
578 4138 618 4175 res
630 4113 788 4194 probatione
801 4109 847 4166 vix
860 4126 933 4187 eget,
958 4108 1055 4165 Ruaeus
1077 4105 1199 4183 probavit
1217 4106 1250 4160 ad
1265 4104 1380 4181 Virgilii

404 4215 500 4272 Vitam
525 4212 592 4288 713)
613 4207 695 4266 etiam
711 4199 845 4277 Virgilius
871 4221 949 4278 agros
970 4199 1029 4256 suos
1051 4212 1174 4274 paternos
1192 4193 1288 4249 amifit.
1324 4194 1380 4255 Etfi

394 4305 470 4368 enim
484 4297 630 4359 Mantuani
648 4294 719 4354 nihil
732 4293 760 4349 in
771 4292 944 4350 Triumviros
956 4287 1157 4349 commiserant:
1180 4302 1277 4359 magna
1289 4296 1379 4351 tamen

395 4412 525 4478 agrorum
539 4391 646 4449 suorum
657 4402 732 4467 parte
749 4383 857 4441 multati
870 4383 943 4447 sunt,
955 4380 1094 4456 quoniam,
1117 4389 1147 4433 ut
1159 4374 1246 4439 aiunt,
1266 4371 1379 4430 Cremo-

396 4484 528 4554 nensium,
538 4478 587 4561 qui
600 4476 676 4543 Bruti
693 4489 720 4537 et
732 4472 814 4532 Cani
826 4487 919 4552 partes
931 4467 1037 4547 sequuti
1049 4479 1136 4533 eraut,
1155 4460 1215 4540 agri
1235 4458 1378 4537 proscripti

1192 4564 1379 4614 veteranorum
