3575 5509
454 669 577 755 vrrA
602 676 642 755 n
670 647 884 792 urantur
909 675 1157 752 Minonis,
1212 702 1354 755 cmm

373 867 459 942 Nihil
480 882 565 960 igitur
586 882 693 941 auctore
719 878 843 959 Augusto
864 877 966 937 Varius
986 861 1107 946 addidit,
1126 880 1200 958 quod
1219 895 1246 938 et
1268 881 1351 942 Maro
1370 896 1407 957 59

371 976 542 1049 praeceperat,
565 971 609 1028 sod
637 970 793 1028 summatim
817 968 982 1036 emendavit,
1011 983 1042 1033 ut
1075 968 1124 1045 qui
1149 970 1238 1028 versus
1265 972 1351 1028 etiam

371 1058 552 1138 imperfectos,
582 1060 601 1118 fi
627 1047 674 1138 qui
700 1073 789 1125 erant,
808 1053 955 1133 reliquerit.
1005 1057 1067 1115 Hos
1092 1057 1172 1116 multi
1197 1080 1261 1117 mox
1288 1062 1349 1138 sup-

368 1151 442 1227 plere
464 1151 568 1219 conati,
599 1165 655 1206 non
680 1148 801 1226 perinde
828 1148 970 1204 valuerunt
989 1147 1026 1205 ob
1052 1145 1255 1216 difficultatem
1275 1151 1350 1228 quod

366 1241 461 1300 omnia
486 1243 541 1299 sore
566 1241 639 1317 apud
662 1259 725 1317 eum
758 1235 936 1304 hemistichia,
968 1252 1063 1314 praeter
1086 1237 1174 1295 illudt
1204 1241 1285 1314 Qem
1303 1242 1352 1298 tibi

359 1334 424 1407 jam
444 1329 523 1408 Troja
541 1336 649 1405 peperit,
668 1321 776 1384 sensum
793 1323 919 1383 videntur
941 1324 1039 1382 habere
1057 1324 1215 1402 persedum.
1254 1327 1347 1397 Nisus,
1366 1324 1403 1382 60
1460 1378 1465 1391 x

367 1418 572 1493 grammaticus,
593 1414 690 1473 audisse
708 1414 770 1478 sea
794 1412 942 1471 senioribus
962 1413 1082 1481 dicebat,
1103 1412 1218 1470 Varium
1232 1413 1348 1474 duorum

367 1501 503 1561 librorum
529 1503 652 1563 ordinem
671 1501 856 1577 commutasse,
872 1515 911 1583 et,
931 1500 979 1578 qui
1000 1516 1058 1559 turn
1083 1501 1212 1559 secundus
1230 1517 1298 1573 erat,
1317 1504 1348 1564 in

367 1591 479 1650 tertium
492 1587 582 1651 locum
596 1590 766 1650 transtulisse:
785 1590 869 1649 etiam
887 1589 972 1667 primi
992 1590 1059 1661 libri
1076 1590 1222 1650 correxisse
1243 1591 1347 1671 princi·

364 1679 455 1765 pium,
474 1680 516 1738 his
528 1680 624 1738 demtis
638 1679 770 1737 versrbua:

479 1820 530 1886 Ille
540 1851 592 1906 ego,
610 1835 655 1905 qui
664 1815 787 1905 quondam
797 1816 893 1903 gracili
903 1821 1042 1883 modulatus
1054 1838 1143 1885 auena

478 1918 601 1988 Carmen,
622 1931 645 1971 et
657 1914 857 1992 egrffasfilvis,
874 1920 962 1970 vicina
972 1916 1049 1991 coi'gi,

475 2005 514 2061 Ut
525 2012 643 2081 quamvis
656 2004 735 2078 avido
744 2016 866 2075 parerent
877 2022 950 2057 arua
962 2001 1058 2058 colonos
1153 2024 1155 2029 ’

481 2090 593 2145 Gratum
605 2102 660 2161 opus
672 2086 808 2165 agricolis:
827 2103 857 2144 at
869 2109 935 2145 nunc
946 2086 1073 2145 horrentia
1085 2079 1183 2161 Mansa

474 2176 503 2231 A
505 2197 560 2232 rma
570 2183 700 2253 virumque
713 2170 783 2232 casto·
805 2176 807 2181 ’

351 2365 442 2426 ¹tamen
459 2357 598 2407 Voltarlum
619 2359 727 2408 horridos
743 2358 787 2408 hos
801 2366 825 2410 et

357 2425 825 2555 {53:552,lzlusslaultllztlt

356 2554 475 2618 probare:
499 2556 525 2600 ils
536 2556 586 2617 sont
606 2554 670 2600 beaux
690 2565 709 2601 el
724 2556 823 2617 semblent

350 2622 426 2683 parur
441 2621 467 2665 du
483 2637 542 2665 εστιν.
583 2618 642 2682 Effiai
654 2620 693 2673 lin·
709 2622 732 2665 la
754 2621 823 2685 potſse

353 2687 425 2795 epipue
435 2683 502 2748 cha'p.
514 2693 537 2743 3.
569 2684 604 2730 Ita
614 2682 688 2741 vides,
695 2684 725 2731 ad
735 2698 821 2732 verum

372 2763 388 2794 u
399 2746 510 2794 chrarum
517 2746 685 2794 sententiarum
696 2747 787 2795 sensum
795 2759 819 2797 et

350 2752 470 2875 iudicium
498 2810 612 2858 sermonis
625 2810 819 2875 ¹intelligentiam

352 2875 384 2923 ali
402 2886 459 2924 uam
483 2874 528 2923 esse
555 2874 714 2923 necessariam.
748 2876 816 2941 (lnsr.

351 2892 450 2989 Tesim.
460 2942 495 2987 IV
506 2951 531 2987 et
541 2942 609 3001 Vll.)
690 2997 692 3002 ,

384 3004 405 3068 l.
420 3020 462 3069 59.
483 3006 530 3051 Hos
546 3007 607 3051 mulli
617 3006 769 3068 moxficpplcre
786 3023 818 3051 ιο·

351 3074 411 3117 nati:
430 3070 496 3133 cujus
518 3069 612 3131 generis
628 3067 713 3116 versus·
729 3068 817 3116 multos

350 3131 434 3199 passim
448 3134 473 3182 in
490 3133 646 3197 suspicionem
660 3133 814 3192 adduximus3

350 3196 412 3245 alios
423 3198 514 3254 dudum
525 3198 614 3260 ejecere
631 3196 713 3244 critici.
741 3200 816 3246 Fuere

350 3267 432 3311 tamen
451 3262 524 3310 etlam
545 3261 695 3318 recentiores,
713 3262 754 3325 qui
778 3263 814 3309 in·

349 3341 446 3374 anemo
477 3342 529 3373 ram
540 3325 565 3373 in
577 3326 698 3390 explendis
713 3325 750 3372 his
759 3342 813 3373 ver-

347 3389 410 3439 sibus
419 3343 577 3449 collocarent}
593 3402 620 3438 ut
633 3389 740 3437 Nannius
756 3390 813 3437 Mis·-

347 3454 456 3518 cellng,
474 3467 513 3512 10,
531 3466 555 3502 et
572 3454 708 3511 Vanieriua,
723 3455 752 3501 de
764 3471 811 3518 quo

346 3519 366 3566 1.
378 3521 419 3566 M.
431 3516 536 3577 Helonis,
551 3519 678 3577 rrir'idocili²
690 3514 812 3580 Gymnasii

345 3579 451 3631 Wimar.
465 3583 594 3642 ducatoris,
611 3581 644 3632 ess
666 3594 813 3631 commenta·

345 3648 391 3697 tio.
430 3646 492 3695 Illud
508 3663 565 3694 vero
581 3648 621 3695 vix
640 3646 692 3696 lieri
710 3646 811 3710 potuisse

343 3722 422 3777 putes,
445 3721 473 3759 ut
494 3711 618 3760 existerent
639 3711 748 3759 homines
773 3712 811 3759 in·

344 3776 436 3841 geniosr
447 3778 523 3839 etqui
542 3776 583 3825 sthi
599 3775 696 3823 subtiles
706 3787 730 3823 et
747 3776 810 3824 acuti

343 3842 493 3898 viderentur,
508 3842 549 3905 qui
560 3841 585 3887 in
601 3839 705 3888 uerfibus
716 3839 753 3886 his
763 3841 808 3887 im-

342 3905 450 3971 perseste
460 3905 550 3953 relidlis
565 3905 682 3969 judicium
693 3907 770 3967 posta
783 3915 808 3954 et

342 3970 432 4018 miram
474 3970 626 4033 sagacitatem
659 3980 808 4033 quaererent;

340 4034 430 4083 seilicet
441 4045 468 4082 ut
479 4034 615 4098 argumenti
627 4036 745 4098 gravitate
758 4044 807 4080 tac-

340 4108 367 4147 to
378 4098 477 4147 lerria
495 4099 576 4147 animo
595 4099 625 4145 ad
642 4099 807 4146 meditandum

340 4178 411 4211 mora
422 4162 527 4210 daretur.
558 4164 614 4228 Qa
631 4163 697 4210 dere
709 4161 738 4208 csz
750 4162 807 4209 Dis.

339 4227 400 4292 quis.
414 4229 425 4273 l
439 4227 470 4274 ad
485 4230 544 4276 AEn.
557 4229 568 4273 l
581 4238 641 4274 extr.
676 4228 759 4274 Unum
773 4226 806 4275 est

339 4291 417 4340 Servii
429 4291 536 4340 scholion
546 4290 576 4338 ad
586 4293 643 4338 AEn.
657 4292 702 4349 IV,
713 4290 770 4351 361,
780 4290 806 4338 in

337 4372 388 4421 quo
405 4355 482 4405 fimile
490 4355 608 4420 judicium
618 4355 706 4402 veteris
719 4358 806 4403 Gram-

337 4421 422 4469 matici
438 4421 520 4484 legere
531 4420 645 4468 memini:
664 4421 696 4467 Et
708 4422 806 4478 oratorie,

871 2355 1023 2424 perspedlum
1034 2358 1117 2410 habuit
1128 2354 1240 2416 oratorium
1250 2349 1275 2411 ld
1285 2348 1341 2413 etse.
1364 2407 1367 2417 ,
1385 2357 1387 2362 ’

871 2427 932 2472 Sane
951 2425 1001 2488 ipsa
1019 2441 1057 2473 ret
1075 2426 1100 2473 id
1122 2424 1184 2474 serre
1204 2427 1294 2486 debuit,
1308 2440 1339 2477 ut

870 2490 992 2537 nonn'ullia
1003 2490 1028 2537 in
1039 2488 1097 2538 locia
1110 2490 1202 2555 ingenii
1216 2492 1336 2556 impetum

868 2556 940 2617 poeta
953 2554 1060 2603 inhibere
1072 2543 1280 2613 nollet,sententia
1293 2558 1335 2605 ab·

869 2616 953 2677 soluta,
981 2624 1054 2682 utque
1074 2620 1104 2667 ad
1125 2619 1172 2667 alia
1188 2631 1336 2685 properaret,

868 2682 953 2731 relidlo
966 2693 990 2731 et
1001 2682 1100 2747 seposito
1112 2683 1180 2732 versu
1191 2684 1335 2748 impersedlo

868 2744 893 2792 ln
905 2746 969 2794 aliud
981 2761 1083 2811 tempus,
1095 2748 1161 2812 quod
1172 2749 1194 2796 ei
1206 2765 1270 2796 mors
1280 2764 1334 2796 maa

868 2810 946 2857 turior
956 2810 1052 2860 invidita

868 2874 1335 3006 latratuuuuuttt
1357 2931 1362 2942 ·

867 3004 975 3050 Gronov.
984 3004 1041 3068 ficut
1051 3014 1117 3050 erant.

899 3068 919 3129 s.
936 3066 975 3114 60.
995 3068 1063 3129 Nfiaes
1087 3070 1245 3115 Grammat'uut.
1279 3068 1333 3116 No·

865 3144 922 3177 men
935 3130 986 3194 ejus
998 3130 1080 3195 passim
1091 3131 1194 3179 occurrit
1207 3132 1231 3178 in
1243 3132 1333 3179 erano

865 3195 1010 3242 maticorum
1025 3193 1125 3259 scriptis,
1143 3195 1216 3243 etiam
1235 3195 1260 3242 in
1273 3197 1333 3243 Ma·

863 3259 953 3317 crobio,
971 3259 1011 3307 ubi
1023 3262 1072 3307 Sat.
1084 3261 1103 3317 Ι,
1120 3272 1149 3308 12
1162 3259 1211 3324 ejus
1222 3260 1328 3308 Commea-

863 3326 1023 3390 lariifastorum
1033 3324 1169 3373 laudantur.

894 3393 977 3435 duorum
987 3390 1086 3435 librorum
1099 3392 1187 3436 ordinem
1197 3389 1328 3457 conmusaffe·

862 3453 990 3501 lndodium
1002 3454 1057 3512 hoc,
1071 3466 1096 3502 et
1111 3454 1230 3502 indoctius
1248 3456 1327 3503 adhuc

861 3518 1026 3577 enuntiatum3
1043 3535 1080 3567 res
1091 3518 1125 3566 ita
1136 3519 1159 3567 se
1176 3519 1248 3567 habet
1261 3519 1326 3584 apud

861 3582 971 3630 Servium
982 3600 1018 3647 pr.
1028 3583 1053 3630 in
1061 3585 1119 3631 AEn.
1135 3591 1152 3615 ‘¹
1163 3582 1218 3631 licet
1226 3584 1325 3647 quidam

860 3651 875 3679 “
892 3645 1009 3710 superslue
1028 3648 1116 3705 dicant,
1135 3648 1263 3697 secundum
1283 3648 1324 3713 (li-

858 3715 873 3741 “
890 3710 972 3776 hrum)
982 3711 1088 3774 primum
1103 3710 1157 3768 else,
1173 3712 1324 3760 tertium'se-

858 3780 874 3804 “
891 3776 1003 3833 cundum,
1026 3788 1050 3823 et
1083 3776 1189 3839 primum
1215 3776 1324 3835 tertium,

858 3845 874 3869 ‘⁸
891 3839 955 3896 ideo,
970 3838 1025 3901 quia
1035 3839 1141 3903 primum
1160 3839 1231 3887 llium
1242 3840 1322 3887 conci-

858 3908 873 3935 “
891 3903 926 3952 dit
938 3903 1000 3950 etc.¹¹
1017 3902 1065 3951 scil.
1078 3904 1108 3950 ad
1118 3904 1228 3951 ordinem
1238 3920 1322 3954 rerum

858 3967 977 4030 gestarum
985 3967 1075 4031 judicio
1082 3967 1155 4027 sadlo,
1170 3971 1219 4016 non
1230 3984 1259 4017 ex
1270 3970 1322 4035 epi-

858 4046 891 4078 coe
904 4031 1045 4079 narrationis
1054 4030 1115 4095 lege.

889 4097 921 4143 bis
936 4099 1005 4142 dennis
1027 4099 1123 4144 verbus.
1164 4098 1243 4160 Atqui
1268 4112 1319 4146 non

856 4158 950 4209 demtos
960 4177 1007 4220 eos,
1023 4161 1046 4209 se
1074 4161 1103 4209 ab
1119 4159 1253 4227 aliapotius
1268 4176 1321 4208 ma·

857 4239 890 4271 nu
905 4225 1012 4289 adjedlos
1025 4225 1161 4290 Virgiliano
1181 4225 1248 4288 operi
1272 4223 1320 4271 esse

857 4289 983 4338 dicendum
995 4301 1061 4349 erat3
1077 4306 1132 4337 cum
1147 4305 1161 4336 ι
1178 4300 1265 4335 natura
1283 4286 1328 4333 sa·-

855 4352 917 4401 bulae
929 4349 1002 4418 epicae
1013 4353 1110 4419 praesixa
1120 4350 1256 4463 huLMmodi
1263 4366 1318 4399 nar·

854 4418 917 4466 ratio
934 4422 1011 4482 podtae
1031 4419 1060 4467 de
1079 4419 1102 4465 se
1121 4416 1151 4464 ab
1169 4426 1259 4463 orrent.
1292 4418 1319 4463 ln

338 4485 427 4549 inquit,
441 4487 471 4534 lli
480 4484 568 4549 finivit,
589 4485 624 4530 ubi
642 4488 675 4530 vis
691 4488 806 4546 argumenti
856 4482 921 4530 Edit.
942 4495 1004 4542 1742
1022 4482 1056 4530 ita
1075 4480 1121 4528 hoc
1143 4480 1196 4527 loco
1212 4478 1318 4545 legitur:

326 4551 431 4624 [φθῆ
463 4548 542 4616 Atqui
552 4547 806 4604 illndsaltemresteia
829 4590 832 4594 »
856 4547 1182 4613 Undeintaemuraliquosversus
1190 4546 1318 4589 detrauosin

774 4810 791 4844 Ι

884 4624 911 4659 m
928 4622 944 4662 2
1207 4606 1316 4673 principle
