3575 5509
528 678 608 757 nn
645 675 924 787 enum-tun
956 680 1301 764 Boeotico·
1350 716 1395 793 η

407 881 570 957 materiae
586 880 632 956 ad
656 906 808 957 manum
834 881 891 955 fit.
943 883 1108 957 Catroeus
1134 905 1268 977 autem,
1292 888 1394 986 cujus
1494 922 1497 931 ·

406 1005 603 1079 vanitatem
620 1026 659 1079 ut
677 1008 778 1096 feras,
802 1029 934 1104 magna
950 1007 1065 1079 animi
1082 1011 1252 1105 aequitate
1275 1029 1311 1084 et
1328 1038 1395 1109 pa·
1439 1096 1443 1102 ,

407 1130 534 1204 tientia
558 1154 650 1227 opus
678 1132 738 1219 est,
764 1146 952 1227 tamquam
980 1129 1007 1201 fi
1030 1130 1068 1201 in
1102 1131 1316 1209 Romanenfi
1341 1108 1395 1211 fa.

373 1258 375 1261 ’
407 1254 491 1327 bula
508 1253 715 1342 versaretur,
739 1254 828 1328 adeo
850 1254 967 1327 multa
993 1279 1086 1328 nova
1109 1273 1147 1329 et
1175 1273 1251 1331 tam
1279 1255 1395 1335 eonfi-

405 1375 533 1449 denter
547 1378 717 1451 m'entitus
740 1378 855 1477 magis
872 1404 982 1477 quam
1009 1400 1239 1455 commentus
1268 1384 1329 1470 est,
1352 1404 1394 1460 ut
1433 1460 1435 1465 ,

405 1499 601 1587 interdum,
625 1501 792 1597 quorsum
813 1501 955 1589 evasura
971 1528 1025 1576 res
1042 1503 1096 1592 stt,
1121 1505 1227 1601 plane
1245 1505 1391 1580 haereas.

407 1618 543 1694 Verum
565 1648 609 1696 ex
624 1624 770 1721 reliquis
795 1627 907 1699 etiam
931 1626 1201 1730 Interpretibus,
1226 1607 1289 1724 qui
1315 1644 1395 1699 ma-

399 1742 480 1845 jore
509 1736 595 1821 cum
627 1750 778 1846 pudore,
804 1751 939 1850 judicii
972 1729 1154 1824 acumine
1168 1772 1205 1822 et
1225 1751 1392 1848 veritate,

401 1868 558 1968 Eclogas
576 1891 793 1960 enarrarunt,
816 1873 879 1964 vix
895 1872 1086 1970 quisquam
1102 1872 1164 1959 est,
1188 1874 1252 1969 qui
1279 1874 1324 1947 ab
1348 1899 1392 1948 eo

401 1996 534 2067 morbo
550 1998 703 2069 intadtus
729 1996 911 2069 manserit.
961 1995 1071 2093 Qod
1094 1975 1134 2068 fix
1147 1997 1184 2068 in
1215 2000 1393 2087 nonnulis,

404 2134 446 2188 ut
462 2115 500 2187 in
517 2115 547 2188 Ι.
567 2117 637 2189 ΙΧ.
656 2118 706 2207 Χ,
730 2119 912 2217 allegoriae
929 2120 1028 2192 locus
1050 2119 1303 2215 relinquendus
1330 2122 1393 2216 est„

406 2233 482 2333 ejus
498 2250 758 2314 tamennatura
784 2241 960 2339 ejusmodi
976 2242 1038 2331 est,
1062 2260 1103 2315 ut
1118 2239 1227 2339 po‘e'ta
1248 2242 1393 2317 univer-

404 2357 479 2431 sam
495 2384 571 2434 rem
589 2361 708 2436 fabula
724 2364 877 2437 arceffita
891 2364 1099 2451 involuisse,
1123 2363 1277 2461 fingulas
1304 2390 1391 2438 vero

402 2502 520 2579 partes
549 2488 696 2581 proprie
720 2486 883 2559 ‘trastaffe
907 2486 1055 2582 suisque·
1073 2486 1292 2559 ornamentis
1322 2486 1390 2559 ho-

403 2606 546 2680 nestaffe
573 2609 687 2681 videri
720 2609 864 2681 debeat..
908 2608 1012 2682 Nihil
1040 2610 1159 2706 itaque
1190 2633 1255 2681 nec
1282 2611 1388 2683 odio-

399 2734 483 2822 tsrus3
508 2759 573 2807 nec
599 2760 619 2806 a
646 2735 696 2806 rei
713 2735 849 2806 ratione
865 2736 978 2831 magis
996 2734 1165 2822 alienum,
1191 2758 1299 2829 quam
1317 2734 1389 2806 fin.

401 2862 502 2959 gulas
515 2860 701 2933 sententias
716 2860 761 2933 ad
776 2860 957 2956 allegoriae
971 2859 1203 2930 subtilitatem
1221 2882 1387 2931 revocare

402 2985 492 3090 velle
511 2988 541 3057 ’ἢ
594 2984 731 3057 Sufficit
759 3007 794 3053 v.
821 3007 854 3055 c.
881 2983 918 3052 in
945 2981 1063 3077 prima
1081 2981 1224 3077 Virgilii
1250 2981 1387 3076 ecloga,

402 3127 532 3194 tenere,
549 3127 786 3177 communem
811 3103 978 3176 omnium
1003 3121 1213 3197 temporum
1240 3102 1386 3196 opinio.
1465 3156 1469 3165 r
1508 3155 1511 3160 .

401 3253 486 3301 nem
504 3228 581 3312 effe,
606 3227 802 3324 Virgilium
826 3228 961 3324 partim
987 3220 1032 3297 ad
1059 3227 1157 3298 suam
1182 3227 1316 3320 partim
1340 3224 1386 3299 ad
1444 3216 1446 3219 Α

403 3347 683 3420 Mantuanorum
716 3346 897 3420 fortunam
930 3349 1128 3445 respexisse,
1160 3348 1385 3446 etAugusto

401 3494 469 3566 pro
486 3469 633 3541 redditis
649 3470 742 3566 agris
762 3471 890 3565 gratias
917 3456 1021 3567 agere
1039 3447 1195 3545 voluisse.
1246 3469 1315 3541 Sed
1333 3494 1384 3555 ea,

403 3575 485 3693 quae
501 3598 545 3667 de
567 3598 694 3690 Tityro
721 3604 974 3683 memorantur,
1003 3596 1139 3694 singula
1165 3595 1269 3699 anxie
1297 3590 1395 3665 'cum-
1505 3571 1509 3581 ¹

402 3719 547 3818 Virgilii
563 3720 713 3816 persona
728 3743 948 3814 comparare,
960 3720 996 3790 id
1019 3742 1129 3817 quam
1144 3718 1311 3815 putidum
1330 3714 1386 3800 fit,

398 3845 480 3943 quis
511 3858 583 3918 nun
609 3844 760 3916 sentiat?
796 3845 966 3942 Appellat
1001 3846 1118 3944 ipsum
1150 3842 1185 3916 se
1211 3842 1383 3936 Tityrum

436 4070 454 4103 ⁴
474 4069 570 4139 Rene,
605 4069 724 4147 quisquis
752 4070 799 4126 ille
829 4068 865 4126 est
916 4067 1001 4126 vianis
1014 4067 1047 4138 ad
1063 4066 1123 4124 Eel.
1136 4064 1192 4134 ΠΙ,
1207 4084 1244 4122 20
1256 4062 1384 4138 Refuran-

398 4146 613 4215 Grammaticus,
633 4148 662 4204 in
672 4148 781 4205 attextis
793 4145 867 4203 Vitae
916 4150 961 4203 das
963 4152 1027 4221 suar
1040 4144 1168 4224 allegorice
1180 4154 1206 4200 in
1217 4139 1383 4198 bucolicacar·

397 4222 502 4303 Virgil.
520 4225 584 4304 §99
604 4224 678 4283 Illud
686 4228 866 4301 tenendumeffe
914 4235 989 4292 mr'rre,
1004 4225 1050 4300 nfi
1062 4246 1125 4287 crem,
1139 4225 1256 4295 utsupra
1277 4217 1384 4271 diximus

390 4306 560 4385 praedicimris,
580 4314 606 4358 in
623 4301 741 4360 Bucolicis
764 4301 869 4381 Virgilii
918 4302 967 4379 (ad
980 4300 1041 4361 Ecl.
1054 4299 1080 4368 Ι,
1097 4300 1126 4372 1)
1133 4341 1143 4365 ,
1162 4321 1193 4354 ex
1205 4294 1292 4370 aliqua
1309 4314 1383 4367 agro-

395 4404 472 4461 neque
484 4385 603 4459 nusquam
619 4402 694 4458 neque
705 4378 794 4463 ubique
815 4377 866 4436 ali·
911 4403 968 4437 rum
976 4381 1127 4456 perditorum
1139 4370 1272 4446 neceffltare
1289 4370 1383 4444 descen·

394 4460 573 4546 qaidfigurate
590 4460 641 4519 dici
651 4472 705 4517 etc.
719 4472 746 4515 et
761 4456 791 4516 in
805 4456 865 4515 Ser·
913 4459 986 4517 dunt.

1301 4572 1383 4654 Etl.
