3575 5509
516 662 1160 772 PRIORISEDITIONIS.‘
1247 700 1336 757 xrrr

351 875 426 962 effe
445 878 698 962 traderentur.
757 879 940 961 Proceffit
965 881 1019 961 ita
1046 910 1129 962 non
1159 883 1339 966 animad-

352 1020 517 1101 vertenti
549 1017 725 1099 studium
754 1018 801 1098 ad
830 1018 955 1127 ipsam
988 1036 1190 1099 contextus
1209 1028 1339 1129 po'e‘tae
1449 1078 1454 1088 -

351 1184 473 1267 quam
498 1156 643 1237 dixeris
676 1153 894 1250 historiam,
926 1157 966 1236 in
985 1187 1062 1266 qua
1080 1186 1172 1238 curn
1200 1160 1336 1241 omnia
1449 1201 1452 1209 ·

350 1291 432 1374 fere
452 1293 622 1374 tenebris
650 1294 819 1375 obducta
851 1313 900 1375 et·
922 1293 1120 1398 obscurata
1141 1296 1334 1393 viderem,

350 1456 524 1543 cumque
557 1429 716 1541 indigne
746 1428 904 1525 ferrem,
938 1433 1091 1541 quoties
1104 1432 1158 1534 de
1177 1436 1339 1545 antiqua

350 1565 484 1675 aliqua
515 1564 683 1646 editione
707 1588 903 1678 ¹ageretur,
932 1568 1162 1651 haerendum
1194 1590 1232 1650 et
1261 1572 1336 1653 du·

352 1702 557 1784 bitandum
576 1702 664 1799 effe,
695 1704 883 1817 quorsum
911 1709 977 1788 illa
1000 1706 1214 1802 referenda,
1247 1739 1336 1820 quoe

350 1839 432 1949 ejus
452 1843 660 1938 audioritas
692 1841 872 1923 habenda
902 1842 1007 1938 effer,
1037 1872 1156 1953 opera
1176 1845 1337 1927 tandem

348 1973 422 2057 hac
442 1976 560 2058 semel
580 1977 878 2089 defungendum
897 1981 969 2062 effe
1003 1981 1205 2063 arbitratus
1231 1981 1335 2077 sum,
1358 1991 1363 1999 '

348 2116 449 2196 utin
468 2116 687 2198 editionum
706 2118 862 2201 ordines
892 2140 931 2199 et
963 2118 1109 2211 claffes,
1139 2119 1274 2227 stirpes
1292 2148 1338 2199 ac

349 2246 536 2348 familias,
565 2255 700 2362 paullo
719 2255 932 2335 accuratius
951 2253 1206 2364 inquirerem
1242 2236 1339 2365 Qa

250 2464 253 2469 .
347 2385 391 2467 in
408 2417 449 2468 re
478 2406 520 2467 ut
538 2386 724 2499 quadam
757 2407 865 2495 tenus
897 2386 1033 2470 saltem
1061 2391 1266 2497 procedere
1284 2394 1337 2473 li-

347 2539 462 2617 ceret,
488 2525 708 2636 editionum
728 2545 816 2616 ante
842 2526 977 2607 omnia
994 2529 1149 2609 annales
1169 2528 1333 2639 quidam

350 2682 456 2742 erant
474 2646 721 2766 conficiendi.
765 2660 840 2744 'Ea
858 2665 994 2743 omnia
1021 2662 1229 2774 subjunxi,·
1254 2695 1336 2768 non

350 2795 456 2907 quod
475 2798 516 2877 in
533 2798 580 2878 iis
595 2826 655 2890 eo,
685 2825 766 2907 quo
786 2796 1099 2911 contendebam,¹
1117 2798 1332 2908 perveniffe

348 2931 449 3014 mihi
468 2931 650 3039 videiaar:
682 2962 763 3012 non
781 2934 888 3012 enim
907 2931 990 3038 haec
1009 2935 1058 3048 ab
1074 2964 1152 3019 uno
1170 2936 1334 3017 homine

346 3068 515 3181 praestari
534 3098 577 3150 ac
596 3068 728 3179 perfici
747 3068 931 3181 poffunt3
961 3098 1097 3151 verum
1125 3074 1332 3181 quoniam,

348 3208 377 3288 fi
392 3209 453 3288 vei
468 3209 581 3289 lineae
596 3238 728 3291 earum
744 3236 873 3289 rerum
888 3206 980 3287 duci
994 3204 1159 3317 poffent,
1182 3210 1276 3290 utile
1294 3230 1333 3292 et

276 3337 278 3341 ’
347 3341 424 3423 hoc
443 3343 490 3425 ad
511 3347 644 3426 critica
659 3345 742 3426 haec
763 3364 800 3426 et
823 3345 1009 3426 litteraria
1037 3343 1161 3425 studia
1181 3344 1253 3427 effe
1270 3377 1332 3430 ar-

346 3479 529 3564 bitrabar.
589 3486 723 3593 Qem
756 3477 868 3563 enim
895 3481 1071 3563 fruetum
1101 3482 1187 3564 satis
1219 3514 1333 3594 mag-

268 3619 272 3626 ’
346 3597 514 3699 num'ex
543 3616 604 3697 his
632 3592 770 3698 litteris
804 3615 989 3711 tuliffem,
1020 3616 1090 3696 nisi
1122 3617 1213 3697 inde
1245 3619 1331 3697 ani·
1385 3597 1390 3605 ’

348 3778 460 3831 mum
480 3754 533 3832 ita
561 3780 782 3861 comparare
810 3770 848 3832 et
877 3749 1073 3831 instituere
1101 3740 1330 3842 didiciffem,

345 3908 390 3969 ut
408 3891 573 3970 aliorum
603 3891 780 3975 utilitatis
814 3890 1011 3999 potiorem
1041 3889 1232 3970 rationem
1261 3888 1332 3968 ha'-

345 4024 517 4107 bendam
535 4025 607 4106 effe
627 4047 776 4135 putem,
806 4052 928 4136 quam
953 4026 1042 4104 vani
1062 4025 1226 4134 alicujus
1248 4056 1331 4107 me-

346 4179 425 4261 tus,
454 4145 503 4241 ne
523 4161 799 4243 existimationi
819 4190 917 4242 meae
930 4190 980 4272 ac
998 4160 1335 4270 laudi‘quicquam

345 4294 438 4377 inde
472 4296 684 4393 decederet,
714 4297 809 4381 dum
842 4275 1067 4387 inchoatam
1093 4312 1133 4374 et
1165 4292 1334 4402 descrip-

1251 4449 1334 4509 tarn
