3575 5509
502 677 581 755 DE
616 672 892 752 CARMINE
928 674 1245 792 BUCOLICO.
1328 704 1376 777 η’
1409 697 1412 702 ’

394 900 506 957 tatem
523 895 660 952 enarrat
676 874 722 946 *3
749 874 886 946 Decima
914 873 1011 945 Galli
1028 858 1178 963 amores,
1201 874 1266 947 sub
1291 877 1375 973 pass

395 1004 498 1083 totali
511 1001 642 1088 fabula,
655 999 812 1095 exponit.
864 998 997 1095 Quarta
1012 1015 1141 1084 autem,
1154 1022 1375 1095 quamquam

396 1152 477 1202 eam
502 1126 548 1200 ad
581 1125 679 1197 aliud
702 1149 813 1221 genus
845 1122 955 1195 modo
982 1123 1176 1210 retulimus,
1200 1148 1284 1197 cum
1304 1126 1375 1197 hoc

397 1270 518 1326 tamen
533 1272 727 1324 commune
743 1247 849 1318 habet
871 1246 971 1333 illud,
994 1245 1092 1341 quod
1118 1248 1377 1320 natalesnobi.

397 1380 441 1453 tis
468 1374 616 1475 alicujus
648 1374 749 1471 pueri
774 1374 939 1446 celebrat.
1000 1371 1137 1470 Ecloga
1167 1351 1311 1446 tandem
1321 1376 1378 1468 se-r

399 1503 513 1590 cunda,
541 1490 704 1595 Corydon
721 1497 900 1593 inscripta,
924 1512 1060 1567 naturae
1076 1496 1269 1591 pastoritiae
1285 1500 1377 1574 nihil

401 1623 498 1702 aliud
519 1622 633 1708 habet,
646 1644 758 1719 ‘quam
775 1620 872 1717 quod
889 1618 1020 1688 amoris
1033 1617 1149 1689 miseri
1167 1620 1203 1690 in
1226 1647 1379 1721 puerum

403 1752 504 1837 aestus
520 1740 749 1845 imaginibus,
773 1742 968 1829 sententiis
984 1759 1019 1812 et
1040 1742 1243 1817 notionibus
1258 1748 1379 1843 pastos

400 1875 531 1949 talibus
549 1871 774 1967 exprimitur.
812 1862 926 1938 ¹Nam
949 1865 994 1936 ad
1010 1864 1098 1935 illud
1112 1890 1235 1961 genus,
1252 1871 1289 1942 in
1306 1896 1380 1967 quo

301 2047 304 2052 »
402 2001 486 2071 vitae
504 1994 699 2092 pastoritiae
722 1993 876 2075 libertas,
892 1988 1106 2074 innocentia,
1122 2006 1157 2061 et
1173 1988 1380 2085 simplicitas
1419 1996 1424 2002 ’

404 2118 689 2205 commendatur,
715 2117 752 2188 id
778 2116 882 2210 plane
904 2136 975 2186 non
996 2113 1183 2208 pertinere,
1209 2117 1287 2211 quis
1309 2143 1381 2192 non

405 2243 524 2316 videat
535 2242 548 2311 ?
561 2239 686 2337 Qid?
704 2240 800 2334 quod
819 2254 1070 2333 argumentum
1087 2235 1167 2324 hoc,
1179 2260 1262 2308 cum
1278 2241 1384 2337 plane

404 2343 540 2438 nullam
558 2360 660 2458 brujus
675 2360 814 2457 generis
825 2359 1045 2454 voluptatem
1061 2357 1195 2444 afferat,
1211 2378 1280 2431 eta
1296 2363 1383 2437 vitae

404 2485 598 2585 pastoritiae
615 2482 817 2579 integritate
840 2481 1039 2566 abhorreat,
1051 2504 1094 2552 eo
1114 2482 1232 2554 minus
1247 2467 1385 2579 jucun*

405 2612 496 2683 dum
517 2608 577 2695 est,
602 2607 699 2703 quod
717 2606 882 2701 Corydon
898 2610 1016 2706 pastor
1040 2610 1175 2683 servilis
1201 2614 1385 2687 conditio-

407 2740 462 2810 nis
490 2736 550 2821 est,
575 2732 637 2830 qui
666 2730 803 2801 domini
839 2730 891 2802 sui
922 2732 1105 2828 pusionem
1137 2752 1245 2822 amat.
1297 2737 1384 2811 Hoc

405 2878 538 2947 tamen,
565 2857 626 2929 etfi
652 2857 830 2943 infimum,
854 2881 965 2953 genus
980 2860 1187 2931 recentiores
1205 2860 1275 2934 fere
1296 2862 1387 2958 poe‘.

408 3008 471 3073 tas,
496 3010 582 3057 cum
599 2983 763 3055 bucolica
780 2984 939 3055 carmina
955 2985 1106 3057 condere
1133 2986 1197 3059 fibi
1217 2988 1388 3061 videban-

410 3131 478 3201 tur,
493 3110 666 3209 *sequutos
693 3107 769 3196 effe,
794 3132 865 3180 non
890 3132 980 3207 opus
1008 3109 1068 3199 est,
1101 3126 1141 3181 ut
1168 3111 1291 3184 multis
1320 3110 1389 3185 do.

409 3259 563 3309 ceamus.

460 3360 616 3434 Materia
643 3362 762 3456 itaque
791 3377 827 3432 et
852 3380 1102 3456 argumentum
1128 3361 1298 3434 carminis
1322 3360 1390 3434 bu.

413 3484 518 3557 colici
539 3484 596 3556 seu
614 3486 785 3580 pastoritii
807 3485 911 3582 quale
927 3483 980 3571 fit,
1005 3487 1145 3559 videtis.
1178 3487 1280 3580 vJam
1292 3512 1391 3559 mores

414 3609 639 3701 acsententiae,
657 3613 756 3682 verba
772 3628 878 3707 atque
894 3617 1027 3701 numeri,
1053 3612 1157 3686 facile
1173 3642 1212 3688 ex
1227 3616 1296 3711 ipsa
1311 3621 1392 3688 vitae

409 3723 588 3827 pastoritiae
615 3735 784 3805 conditione
811 3734 896 3806 duci
919 3730 1070 3831 possunt.
1120 3738 1338 3834 Simplicitas
1356 3756 1393 3811 et

328 3881 331 3886 “
414 3857 585 3929 naturalis
612 3858 730 3955 aliqua
766 3861 925 3932 venustas
964 3862 1086 3933 omnia
1124 3887 1165 3935 ea
1194 3863 1393 3953 continent,

453 4075 471 4109 ⁴*
483 4074 815 4154 NonpotuereMaronem
824 4075 881 4134 Va·
950 4100 991 4137 uae
1003 4078 1095 4137 animo
1117 4081 1228 4141 tenuiffe
1250 4082 1334 4139 Maro
1355 4082 1397 4139 vi-

410 4148 477 4210 'lerii
494 4154 609 4212 ,Catonis
640 4154 716 4211 Dirae
737 4154 882 4233 fugere,fi
930 4100 989 4214 ieri
1001 4159 1096 4235 potest,
1116 4173 1146 4217 ut
1166 4160 1230 4217 Dir.
1244 4169 1274 4234 ‘4
1296 4158 1335 4235 sq.
1360 4178 1395 4239 ις

395 4227 527 4304 Χι]ιιίἀειιι
549 4231 595 4289 isse
613 4229 882 4290 fimilem‘fortunam
929 4234 968 4311 sq.
991 4236 1027 4295 26
1052 4235 1102 4313 sq.·
1122 4257 1159 4311 30
1181 4238 1235 4294 Nec
1253 4236 1316 4292 mihi
1325 4240 1398 4313 sape

417 4304 526 4363 Sullana
562 4306 738 4387 roscriptione
758 4329 791 4367 ex
827 4325 881 4367 stus
929 4337 1008 4371 meum
1030 4314 1161 4387 resonabis,
1195 4315 1314 4379 Battare,
1339 4338 1398 4373 car.

414 4397 446 4448 et
458 4399 524 4461 agro
542 4329 651 4444 gattam
671 4400 769 4444 exutus
785 4329 880 4447 ἕξεται.
929 4414 995 4452 men.
1030 4389 1075 4449 Sic
1089 4409 1183 4469 porro,
1196 4389 1267 4467 inpr.
1284 4411 1339 4450 av.
1361 4394 1397 4448 82

413 4459 488 4534 §unt
509 4476 538 4520 et
554 4462 616 4523 loca
640 4483 675 4523 ex
696 4484 730 4525 eo
749 4464 881 4538 carmine,
928 4466 969 4560 sq.

1283 4619 1290 4679 j
1317 4616 1399 4691 quae
