3575 5509
451 699 495 771 aa
577 689 618 765 P.
659 679 951 768 v1nc1L11
1001 666 1302 755 Minonis
1349 740 1352 747 ,
1440 750 1451 777 ,Ι

450 887 529 986 Ipse
546 885 603 958 sed
621 885 657 968 in
675 881 783 979 pratis
800 878 887 952 aries
898 899 977 975 Jam
993 875 1097 947 suave
1113 871 1257 945 rubenti

451 1018 607 1106 Murice,
625 1015 704 1116 jam
720 1036 846 1119 croceo
862 1008 1017 1084 mutabit
1033 1007 1162 1079 vellera
1176 1006 1277 1089 luto;

453 1157 587 1255 Sponte
605 1153 665 1226 sua
681 1151 814 1246 sandyx
828 1146 1003 1246 pascentis
1019 1144 1142 1218 vestiet
1158 1167 1281 1241 agnos.
1355 1240 1360 1246 ι
1386 1160 1434 1241 45
1454 1227 1458 1238 Ι

454 1290 490 1363 T
491 1289 559 1361 alia
576 1286 691 1375 saecla,
716 1285 786 1359 suis
803 1284 982 1383 dixerunt,
1006 1283 1148 1368 currite,
1173 1278 1257 1352 fusis

487 1542 528 1585 44.
539 1524 623 1589 jurabit
633 1524 693 1590 conj.
712 1525 751 1589 Jo.
767 1519 903 1580 Schrader„
919 1529 948 1568 ut
965 1521 1011 1566 Ge.
1029 1518 1062 1584 ll,¹
1078 1514 1134 1577 465.
1147 1514 1192 1573 IV,
1214 1526 1270 1585 335·
1304 1512 1437 1579 Virgilium

456 1603 564 1670 expreflit
577 1602 701 1651 Claudian.
720 1615 760 1664 29,
772 1614 801 1659 73
815 1601 874 1663 roseis
886 1601 991 1662 formastis
1006 1598 1079 1643 Duria
1094 1598 1146 1659 ripis
1160 1594 1241 1641 Vellera
1247 1604 1352 1658 purpureo
1361 1593 1439 1657 paffln

456 1685 547 1729 mmm
564 1683 733 1739 wilh—45.
753 1677 833 1743 studui
851 1674 923 1723 multi
941 1673 1005 1737 apud
1027 1674 1110 1720 Burin.
1151 1670 1205 1719 Fuit
1226 1669 1265 1719 vir
1286 1668 1381 1725 dudm,
1395 1667 1441 1731 qui

457 1761 556 1822 acescentes
568 1757 712 1822 conjiceret:
725 1754 835 1802 adversus
845 1767 918 1817 quem
928 1749 1057 1815 disputarit
1069 1750 1151 1796 burm.
1163 1747 1194 1795 ad
1208 1746 1235 1795 h.
1247 1746 1263 1795 l
1277 1746 1344 1795 etad
1362 1744 1439 1793 ovid.

458 1839 493 1893 111
507 1842 563 1886 Art.
586 1849 615 1895 25
631 1846 656 1883 et
678 1835 709 1882 ad
723 1832 839 1897 Calpurm
864 1829 915 1877 Ecl.
933 1830 963 1886 ΙΙ,
981 1841 1021 1889 37.
1055 1825 1149 1874 Scilicet
1165 1824 1212 1881 luit
1230 1823 1385 1881 irBentleiue
1402 1821 1441 1887 (in
1476 1837 1478 1844 ·

459 1915 598 1977 Bibliotheqm
606 1913 702 1977 Angiofi
709 1912 741 1958 T.
753 1912 772 1967 l,
779 1926 804 1973 p.
819 1908 875 1973 186)
885 1906 924 1972 [et
935 1904 965 1952 ad
975 1906 1067 1951 Lucan.
1079 1905 1124 1950 lv.
1141 1902 1214 1980 125]¹
1236 1901 1342 1950 Haeserat
1352 1911 1442 1961 utitem¹

460 1988 502 2040 ille
515 1990 540 2037 in
551 1991 732 2054 vocepasccntcs:
744 1986 762 2035 fi
774 1986 839 2033 enim
849 1985 914 2031 inter
921 1980 1064 2047 pascendum
1075 1990 1196 2028 mutatum
1206 1979 1240 2027 eli
1250 1977 1338 2027 vellus:
1354 1975 1443 2042 pabuli

460 2082 490 2117 ea
507 2066 544 2114 vis
560 2066 604 2113 ei:
617 2064 709 2122 debuit,
718 2075 745 2111 ut
755 2062 823 2109 lucus
833 2060 955 2108 accederet
966 2057 1034 2105 lauae.
1065 2057 1196 2104 Enimvero
1206 2055 1314 2104 fraudem
1322 2053 1379 2103 lecit
1389 2068 1443 2107 non

462 2141 627 2191 animadversa
643 2140 741 2205 po'c'ticae
754 2137 868 2186 orationis
879 2134 984 2184 indoles:
997 2136 1107 2198 pascentes,
1116 2132 1249 2197 epitheton,
1264 2142 1336 2181 ornat
1343 2140 1444 2181 tautum

463 2236 556 2285 agnos3
573 2218 634 2266 nihil
654 2216 763 2281 amplius.
797 2214 864 2262 idem
874 2213 920 2261 hoc
932 2227 980 2259 non
989 2210 1180 2260 animadversum
1195 2210 1326 2259 adduxerat
1339 2219 1443 2266 vererer,
1506 2236 1508 2242 ·

465 2308 491 2345 et
502 2296 581 2360 ipsum
598 2293 703 2342 Plinium
716 2293 752 2354 (v.
763 2291 787 2338 in
806 2292 884 2355 Noe),
896 2299 924 2336 ut
934 2287 1064 2352 Virgilium
1075 2287 1198 2336 crederent
1203 2289 1312 2351 sandyren
1325 2285 1444 2353 ussinffi

463 2374 546 2420 herbam
559 2371 603 2435 effi.
637 2372 664 2415 ln
684 2383 732 2430 quo
747 2366 860 2431 injuriam
877 2364 969 2413 faciunt
979 2366 1065 2428 poetae.
1098 2362 1200 2430 Qodfi
1217 2362 1258 2411 vel
1267 2361 1372 2411 maxime
1382 2361 1444 2411 idle

464 2449 501 2497 ita
517 2446 625 2502 haberet,
636 2444 746 2507 jejunum
768 2442 841 2491 effeta
859 2452 957 2505 repente
986 2441 1050 2489 inter
1068 2440 1211 2505 pascendum
1229 2438 1330 2501 sandyce
1348 2439 1444 2504 gustato

466 2520 556 2570 mutari
573 2518 656 2567 vellus.
688 2519 782 2572 Interea
793 2528 874 2565 tamen
893 2516 1027 2576 fatendum,
1041 2519 1138 2576 nascentes
1149 2514 1234 2564 meiius
1250 2515 1366 2581 scripturn
1374 2513 1445 2564 luiffe

465 2614 481 2645 a
491 2592 674 2659 poeta-46.
689 2612 771 2641 curren
780 2592 890 2643 Parthas.
902 2603 928 2643 et
939 2593 1013 2643 Pierii
1022 2594 1155 2655 Mediceua
1185 2594 1225 2677 Jo.
1241 2591 1369 2644 Schrader.
1380 2591 1450 2658 conj„

467 2676 539 2721 ducite.
574 2696 577 2701 ·

468 2840 551 2897 tatem
573 2836 727 2915 significari.
765 2837 851 2896 Potest
878 2837 932 2895 hoc
980 2838 1057 2897 nium
1080 2837 1213 2907 XXXV,
1241 2839 1346 2915 6123)
1377 2840 1449 2899 male

470 2916 511 2975 ita
523 2915 548 2973 se
559 2916 672 2985 habere;
685 2915 775 2993 potuit
784 2930 872 2974 tamen
883 2933 933 2972 nec
981 2917 1094 2975 credunt
1116 2916 1294 2994 Interpretes3
1322 2937 1386 2975 nam
1403 2917 1448 2975 'do
1469 2945 1471 2950 ·

471 2992 562 3052 minus
573 2996 659 3065 podiae
673 2993 734 3050 satis
746 2993 805 3057 effe,
827 3008 855 3049 ut
867 2994 936 3050 lanae
982 3007 1075 3052 natura
1084 2993 1182 3050 coloris
1193 2993 1262 3049 nihil
1268 2992 1341 3051 dixit
1348 3000 1447 3073 podtag

472 3067 701 3147 pulchritudinem
713 3069 743 3128 in
754 3068 881 3147 gregibus
893 3068 937 3125 in·
983 3070 1081 3128 coloris
1101 3084 1204 3127 tantum
1226 3090 1308 3148 genus
1325 3069 1449 3130 indicare

473 3160 516 3204 ter
533 3145 616 3203 fausta
628 3161 654 3205 et
677 3148 736 3204 laeta
749 3147 872 3226 adspeilu
888 3166 935 3202 au·
983 3147 1081 3215 voluit,
1116 3166 1171 3224 quo
1216 3149 1300 3205 vellus
1332 3149 1448 3212 ovillum

473 3242 525 3281 reae
537 3223 621 3280 aetatis
633 3238 792 3282 numeraret.
820 3242 867 3297 44.
882 3246 936 3279 mu·
982 3224 1137 3281 slendeat:
1159 3239 1189 3281 ut
1209 3224 1310 3300 sandyx
1329 3225 1450 3285 fitoolor

475 3300 542 3357 rabit
564 3300 664 3357 vellera
684 3298 744 3364 luto,
764 3299 938 3377 permutabit,
985 3245 1118 3375 lindycia
1138 3316 1166 3358 et
1177 3319 1268 3359 ornate
1277 3301 1360 3370 dixit,
1373 3302 1450 3380 quod

443 3406 446 3411 ·
475 3376 598 3451 adeoque
620 3375 718 3450 tinget,
735 3376 848 3443 inficiet,
862 3392 939 3433 natu·
985 3393 1041 3434 erat
1050 3402 1058 3447 3
1077 3377 1215 3436 habebunt
1232 3376 1296 3457 agni
1309 3380 1394 3439 vellus
1407 3400 1452 3438 ru-

476 3451 560 3510 ralem
592 3452 698 3509 velleris
735 3454 853 3509 colorem
883 3458 941 3529 ipsc,
986 3453 1066 3511 brum
1091 3454 1197 3512 nemine
1226 3455 1355 3531 tingente.
1404 3457 1451 3515 Est

476 3526 581 3606 sponte,
606 3540 707 3586 naturae
725 3527 868 3596 beneficio,
886 3548 943 3587 non
988 3550 1052 3588 vero
1065 3531 1166 3589 coloris
1187 3532 1230 3589 seu
1249 3533 1384 3623 pigmenti
1404 3555 1452 3613 ge·

477 3623 559 3680 opera
572 3603 847 3683 honinum‚purpura
858 3619 886 3664 et
898 3606 940 3664 lu·
988 3628 1037 3664 nus
1049 3627 1083 3664 ex
1105 3609 1232 3680 metallo;
1252 3612 1389 3669 interdum
1401 3612 1452 3669 eti·

478 3694 521 3748 to,
533 3695 563 3738 ut
582 3680 708 3739 naturalis
720 3682 795 3741 color
808 3685 863 3761 jam
876 3703 940 3762 pur·
988 3704 1031 3743 arn
1063 3684 1211 3753 saclitium,
1229 3705 1264 3743 ex
1290 3687 1454 3747 sandaracha

478 3776 575 3834 puteus
599 3757 631 3814 fit
651 3771 679 3814 et
698 3778 800 3817 aureus.
838 3763 942 3819 Luteunr
989 3760 1099 3836 (rothem
1114 3764 1203 3835 Ocker)
1219 3764 1287 3821 tosta
1303 3777 1332 3821 et
1343 3764 1454 3825 rubrica

479 3853 544 3892 vero
555 3834 600 3899 seu
618 3833 707 3902 lutum,
724 3856 755 3894 ac
767 3838 845 3904 lutea,
856 3837 945 3895 herbae
990 3860 1064 3927 aequa
1076 3854 1149 3916 parte
1171 3839 1313 3898 admixta:
1334 3857 1365 3899 ut
1382 3842 1453 3902 ibid.

479 3929 577 3988 genus,
596 3931 649 3989 qua
662 3912 744 3970 tinda
763 3914 824 3971 lana
837 3915 906 3972 flavo
918 3928 944 3971 et
992 3916 1062 3973 Plrn.
1075 3935 1129 3989 quo
1138 3917 1232 3974 rubeus
1241 3918 1455 3980 colorefficitur.

481 4007 580 4045 croceo
597 3990 687 4047 colore
706 3988 841 4060 inlicitum
861 4010 944 4047 caeru-
993 3991 1132 4058 Vermerlle,
1145 3993 1289 4063 Vermillon,
1302 3993 1392 4055 videri
1405 4016 1456 4083 po-

481 4064 555 4123 lcum
568 4065 813 4124 veroeainfcdlum
826 4066 943 4126 viridem
992 4071 1049 4128 test.
1087 4069 1259 4129 Constantini
1282 4071 1456 4152 Interpres'l.

482 4141 603 4199 colorem
628 4142 717 4200 refert.
768 4142 863 4201 Notus
888 4146 947 4220 ejus
992 4149 1012 4204 l.
1033 4166 1059 4205 c.
1100 4167 1137 4205 20
1150 4162 1300 4225 purpuream
1320 4152 1458 4229 Sabhcen

483 4218 546 4275 uiua
568 4217 649 4276 etiam
672 4219 763 4276 nollris
785 4220 946 4278 rindoribus
992 4224 1121 4300 appellat:
1139 4224 1239 4283 Σάνδνκι
1247 4232 1370 4306 πορφυρέη
1382 4231 1458 4306 neig-

481 4294 531 4354 sub
544 4294 749 4361 nomineWaid.
764 4296 810 4354 Cf.
829 4295 945 4355 Martin.
993 4305 1303 4375 mvpmirwoerdpn'ssm.
1355 4290 1362 4308 ¹
1427 4308 1429 4311 ’

482 4370 517 4429 it.
530 4370 566 4426 ad
580 4372 686 4430 Tibull.
699 4372 725 4441 1,
739 4377 767 4440 8,
776 4392 823 4452 5²·
848 4377 946 4451 Sandy-
1030 4379 1079 4451 46.
1098 4400 1146 4458 47.
1161 4378 1297 4438 Dixerunt
1309 4380 1464 4444 Paccaesuia

482 4470 534 4507 cem
546 4468 573 4503 v.
587 4468 622 4524 45
633 4469 649 4505 a
661 4448 784 4528 Virgilio
795 4470 846 4529 pro
858 4452 947 4510 herbar
993 4454 1075 4513 fusis:
1097 4460 1123 4512 0
1147 4456 1213 4516 talia
1224 4458 1320 4532 secla,
1342 4465 1464 4519 currite!

483 4542 583 4603 genere
603 4522 723 4592 habitam
738 4528 798 4598 effe,
815 4531 873 4608 post
891 4529 947 4589 rli·
994 4552 1046 4611 pro
1063 4532 1190 4614 vulganii
1209 4553 1229 4593 ο
1247 4536 1303 4597 fita.
1342 4534 1397 4596 Pro
1413 4535 1464 4597 iilo

1426 4633 1467 4677 ex
