3575 5509
529 688 533 695 ’
579 683 935 764 CODICIBUS
974 686 1106 765 MSS.
1286 720 1337 775 ιν
1430 683 1432 687 ’

354 892 453 993 cujus
477 890 549 964 fine
579 884 819 983 subscriptum
850 901 945 990 erat:
984 885 1120 960 Flavius
1150 886 1335 985 Gennadius
1375 850 1378 861 Ι

355 1032 445 1107 seru
462 1030 640 1125 runnu
667 1023 707 1098 V.
729 1023 766 1099 c,
795 1025 858 1098 Rc.
888 991 998 1097 itm
1024 1024 1074 1099 n.
1092 1027 1140 1103 Ν.
1160 1030 1335 1124 constante

351 1156 396 1229 P.
416 1153 516 1226 F.·C.
537 1153 579 1224 P.
601 1147 832 1244 P..(Patrono
842 1145 1062 1222 Faciendum
1080 1149 1226 1226 Curavit
1241 1153 1331 1230 Pro-
1387 1225 1389 1228 ,

351 1277 429 1377 pria
459 1274 650 1361 Pecunia),
674 1270 800 1370 quibus
826 1269 952 1343 litteris
971 1270 1146 1369 sigrdsque
1167 1276 1330 1371 quamvis

348 1402 484 1502 ignotis
510 1403 581 1473 boe
600 1417 716 1472 tamen
730 1396 888 1472 constare
902 1397 1063 1493 putabat,
1083 1397 1151 1471 esse
1165 1399 1330 1474 codicem

350 1525 566 1600 venerandae
578 1521 811 1619 antiquitatis.
831 1545 835 1554 ·
869 1520 948 1594 Nifi
964 1546 1050 1596 vero
1066 1523 1134 1595 alia
1149 1523 1328 1620 opinionis

349 1648 425 1722 suae
440 1649 661 1722 firmamenta
677 1647 813 1736 habuit,
830 1648 899 1719 boc
925 1645 1073 1742 quidem
1089 1644 1237 1718 unicum
1259 1647 1328 1719 fal.

350 1773 454 1844 laxet
464 1772 567 1843 inane
577 1769 692 1843 videri
702 1771 829 1866 potest,
837 1771 1009 1868 quoniam
1020 1771 1057 1843 in
1068 1771 1193 1845 codice
1200 1772 1329 1846 admo·

349 1893 436 1966 dum
450 1893 584 1966 recenti
597 1892 844 1988 antiquiorum
859 1893 1032 1967 librorum
1047 1892 1254 1992 subscriptio
1269 1920 1329 1969 re-

350 2018 424 2116 peti
440 2016 571 2114 potuit,
594 2035 635 2088 ut
650 2014 755 2112 supra
765 2013 844 2114 jam
860 2017 933 2090 alio
947 2018 1029 2092 Ioco
1043 2019 1327 2093 animadversum

350 2143 426 2216 tib
463 2143 737 2216 Emendationes
754 2167 798 2215 ex
811 2144 879 2216 hoc
897 2145 1023 2218 codice
1043 2147 1081 2218 in
1102 2145 1328 2255 EclogamX

351 2265 535 2363 proposuit
549 2267 734 2342 Adversar.
751 2265 894 2356 XVIII,
913 2269 969 2343 16.
993 2267 1095 2359 XLI,
1113 2270 1171 2346 26.

693 2479 990 2529 *a*

399 2635 684 2711 Memoravimus
711 2637 825 2711 adhuc
854 2639 997 2712 codices
1021 2638 1139 2711 ‘Mstos
1166 2642 1328 2736 primum

353 2760 545 2857 principes,
564 2781 641 2836 turn
657 2786 809 2859 quorum
827 2780 958 2834 veteres
973 2762 1091 2834 critici
1107 2764 1328 2836 mentionem

351 2880 500 2955 faciunt.
563 2881 826 2981 subjungemus
857 2883 1056 2971 nonnullos,
1087 2883 1133 2956 ad
1172 2898 1328 2979 quorum

349 3005 462 3079 fidem
486 3005 644 3079 austures
668 3009 837 3080 editionum
867 3009 1050 3077 criticorum
1075 3024 1111 3077 et
1140 3004 1328 3096 clafflcamm

348 3126 586 3202 recensionem
601 3130 700 3204 suam
713 3129 900 3204 instituisse
920 3128 1089 3203 feruntur.
1133 3128 1181 3201 Et
1196 3129 1328 3225 primas

350 3252 496 3349 quidem
508 3253 680 3328 editiones
693 3280 736 3329 ex
753 3253 937 3329 codicibus
948 3251 1083 3326 fluxisse
1099 3249 1153 3324 uti
1169 3269 1328 3328 certares

352 3379 411 3465 est,
437 3380 486 3452 ita
500 3380 694 3453 dolendum
726 3382 863 3454 estnon
881 3403 984 3477 aeque
999 3379 1144 3476 liquere,
1168 3378 1328 3476 equibus

351 3500 458 3575 codd.
488 3504 562 3577 iIIae
585 3504 712 3576 ‘dudae
746 3502 889 3576 suerint.
941 3501 1148 3599 Principem
1178 3502 1326 3598 quidem
1370 3543 1377 3558 ·
1449 3590 1451 3592 ,

350 3625 564 3720 Romanam,
593 3633 673 3728 post
700 3630 799 3721 alios,
824 3655 890 3706 nec
920 3648 1040 3703 tamen
1071 3628 1174 3703 valde
1204 3628 1328 3718 bonos,

350 3751 493 3825 codices
508 3772 745 3851 comparatos,
769 3781 814 3831 ex
830 3759 996 3853 Pomponii
1012 3756 1209 3851 Infortunati
1226 3753 1278 3849 (h.
1293 3778 1325 3827 e.

347 3875 437 3970 JuIii
452 3878 644 3975 Pomponii
656 3879 768 3968 Laeti)
781 3881 880 3952 codice
891 3879 989 3952 fluisse
1000 3879 1237 3969 emendatam,
1247 3899 1327 3955 tum
1354 3880 1364 3960 s

347 4023 370 4070 a
389 4000 492 4075 nobis
515 4003 731 4092 monebitur,
751 4027 837 4076 cum
862 4012 1021 4076 veterum
1044 4002 1245 4076 editionum
1263 4027 1329 4074 an-

346 4125 443 4195 nales
457 4124 689 4198 conficiemus
702 4162 712 4212 ς
738 4149 812 4223 quo
828 4125 938 4199 etiam
953 4149 994 4198 ea
1008 4124 1221 4213 differimus,
1243 4146 1329 4220 quae
1373 4118 1378 4124 ’

347 4245 396 4321 de
411 4251 659 4324 nonnullarum
675 4251 824 4325 aliarum
839 4252 921 4326 saec.
948 4253 1019 4329 XV
1030 4253 1229 4327 editionum
1247 4249 1328 4321 fon-

346 4370 444 4445 tibus
458 4375 688 4449 memoranda
699 4378 882 4452 habemus.
936 4372 1329 4479 Praeclurisuerecodi-

345 4517 419 4591 ees,
442 4497 488 4574 ad
503 4523 594 4599 quos
611 4499 796 4601 Naugerius
810 4501 868 4579 ed.
887 4501 974 4577 Ald.
993 4517 1074 4578 tert.
1096 4519 1188 4598 1514
1203 4516 1330 4689 qnest-

1242 4629 1330 4689 avtt·

1402 4773 1485 4848 D
