<?xml version="1.0" encoding="UTF-8"?>
<!DOCTYPE html PUBLIC "-//W3C//DTD XHTML 1.0 Transitional//EN"
    "http://www.w3.org/TR/xhtml1/DTD/xhtml1-transitional.dtd">
<html xmlns="http://www.w3.org/1999/xhtml" xml:lang="en" lang="en">
 <head>
  <title>
</title>
<meta http-equiv="Content-Type" content="text/html;charset=utf-8" />
  <meta name='ocr-system' content='tesseract 3.04.00' />
  <meta name='ocr-capabilities' content='ocr_page ocr_carea ocr_par ocr_line ocrx_word'/>
</head>
<body>
  <div class='ocr_page' id='page_1' title='image "./operavarietatel00virggoog/operavarietatel00virggoog_0619.png"; bbox 0 0 3575 5509; ppageno 0'>
   <div class='ocr_carea' id='block_1_1' title="bbox 574 669 1381 835">
    <p class='ocr_par' dir='ltr' id='par_1_1' title="bbox 574 669 1381 835">
     <span class='ocr_line' id='line_1_1' title="bbox 574 669 1381 835; baseline -0.004 -27"><span class='ocrx_word' id='word_1_1' title='bbox 574 707 988 821; x_wconf 73' lang='lat' dir='ltr'>cronoicou,</span> <span class='ocrx_word' id='word_1_2' title='bbox 1037 669 1240 805; x_wconf 77' lang='lat' dir='ltr'>irari·</span> <span class='ocrx_word' id='word_1_3' title='bbox 1312 749 1381 835; x_wconf 74' lang='lat'>353</span> 
     </span>
    </p>
   </div>
   <div class='ocr_carea' id='block_1_2' title="bbox 398 927 1386 1843">
    <p class='ocr_par' dir='ltr' id='par_1_2' title="bbox 398 927 1386 1706">
     <span class='ocr_line' id='line_1_2' title="bbox 401 927 1191 1016; baseline -0.005 -11"><span class='ocrx_word' id='word_1_4' title='bbox 401 929 566 1005; x_wconf 82' lang='lat' dir='ltr'>Inluxiise</span> <span class='ocrx_word' id='word_1_5' title='bbox 582 930 666 1016; x_wconf 86' lang='lat' dir='ltr'>dies,</span> <span class='ocrx_word' id='word_1_6' title='bbox 690 929 847 1002; x_wconf 89' lang='lat' dir='ltr'>aliumve</span> <span class='ocrx_word' id='word_1_7' title='bbox 858 927 1014 1000; x_wconf 76' lang='lat' dir='ltr'>habuisse</span> <span class='ocrx_word' id='word_1_8' title='bbox 1031 945 1191 1001; x_wconf 90' lang='lat' dir='ltr'>tenorem</span> 
     </span>
     <span class='ocr_line' id='line_1_3' title="bbox 400 1057 1345 1169; baseline -0.003 -28"><span class='ocrx_word' id='word_1_9' title='bbox 400 1066 646 1140; x_wconf 86' lang='lat' dir='ltr'>Crediderim:</span> <span class='ocrx_word' id='word_1_10' title='bbox 672 1088 735 1169; x_wconf 80' lang='lat' dir='ltr'>ver</span> <span class='ocrx_word' id='word_1_11' title='bbox 749 1065 839 1137; x_wconf 91' lang='lat' dir='ltr'>illud</span> <span class='ocrx_word' id='word_1_12' title='bbox 856 1082 947 1147; x_wconf 77' lang='lat' dir='ltr'>erat3</span> <span class='ocrx_word' id='word_1_13' title='bbox 959 1084 1038 1136; x_wconf 75' lang='lat' dir='ltr'>‘ver</span> <span class='ocrx_word' id='word_1_14' title='bbox 1051 1057 1200 1162; x_wconf 80' lang='lat' dir='ltr'>rnagnus</span> <span class='ocrx_word' id='word_1_15' title='bbox 1218 1064 1345 1165; x_wconf 83' lang='lat' dir='ltr'>agebat</span> 
     </span>
     <span class='ocr_line' id='line_1_4' title="bbox 398 1199 1254 1294; baseline 0.002 -22"><span class='ocrx_word' id='word_1_16' title='bbox 398 1200 520 1288; x_wconf 83' lang='lat' dir='ltr'>Orbis,</span> <span class='ocrx_word' id='word_1_17' title='bbox 544 1221 579 1274; x_wconf 89' lang='lat' dir='ltr'>et</span> <span class='ocrx_word' id='word_1_18' title='bbox 597 1200 751 1273; x_wconf 90' lang='lat' dir='ltr'>hibernis</span> <span class='ocrx_word' id='word_1_19' title='bbox 767 1199 961 1294; x_wconf 85' lang='lat' dir='ltr'>parcebant</span> <span class='ocrx_word' id='word_1_20' title='bbox 976 1199 1119 1271; x_wconf 86' lang='lat' dir='ltr'>flatibus</span> <span class='ocrx_word' id='word_1_21' title='bbox 1141 1201 1254 1274; x_wconf 90' lang='lat' dir='ltr'>Euri:</span> 
     </span>
     <span class='ocr_line' id='line_1_5' title="bbox 399 1334 1386 1442; baseline 0.005 -31"><span class='ocrx_word' id='word_1_22' title='bbox 399 1336 524 1436; x_wconf 77' lang='lat' dir='ltr'>Qum</span> <span class='ocrx_word' id='word_1_23' title='bbox 535 1338 664 1435; x_wconf 86' lang='lat' dir='ltr'>primae</span> <span class='ocrx_word' id='word_1_24' title='bbox 673 1338 790 1410; x_wconf 88' lang='lat' dir='ltr'>lucem</span> <span class='ocrx_word' id='word_1_25' title='bbox 797 1336 951 1442; x_wconf 83' lang='lat' dir='ltr'>pecudes</span> <span class='ocrx_word' id='word_1_26' title='bbox 959 1334 1111 1423; x_wconf 87' lang='lat' dir='ltr'>hausere,</span> <span class='ocrx_word' id='word_1_27' title='bbox 1121 1337 1307 1437; x_wconf 85' lang='lat' dir='ltr'>virumque</span> <span class='ocrx_word' id='word_1_28' title='bbox 1311 1364 1386 1437; x_wconf 83' lang='lat'>340</span> 
     </span>
     <span class='ocr_line' id='line_1_6' title="bbox 399 1442 1228 1574; baseline 0.002 -27"><span class='ocrx_word' id='word_1_29' title='bbox 399 1474 526 1548; x_wconf 85' lang='lat' dir='ltr'>Ferrea</span> <span class='ocrx_word' id='word_1_30' title='bbox 541 1478 730 1574; x_wconf 86' lang='lat' dir='ltr'>progenies</span> <span class='ocrx_word' id='word_1_31' title='bbox 746 1474 841 1548; x_wconf 89' lang='lat' dir='ltr'>duris</span> <span class='ocrx_word' id='word_1_32' title='bbox 854 1442 962 1571; x_wconf 72' lang='lat' dir='ltr'>caput</span> <span class='ocrx_word' id='word_1_33' title='bbox 977 1474 1106 1547; x_wconf 84' lang='lat' dir='ltr'>extulit</span> <span class='ocrx_word' id='word_1_34' title='bbox 1122 1477 1228 1565; x_wconf 89' lang='lat' dir='ltr'>arvis,</span> 
     </span>
     <span class='ocr_line' id='line_1_7' title="bbox 404 1607 1166 1706; baseline 0.001 -25"><span class='ocrx_word' id='word_1_35' title='bbox 404 1609 729 1706; x_wconf 78' lang='lat' dir='ltr'>Inmiffaeque&#39;ferae</span> <span class='ocrx_word' id='word_1_36' title='bbox 746 1609 866 1696; x_wconf 62' lang='lat' dir='ltr'>silvis,</span> <span class='ocrx_word' id='word_1_37' title='bbox 878 1627 913 1681; x_wconf 90' lang='lat' dir='ltr'>et</span> <span class='ocrx_word' id='word_1_38' title='bbox 929 1607 1041 1681; x_wconf 83' lang='lat' dir='ltr'>sidera</span> <span class='ocrx_word' id='word_1_39' title='bbox 1057 1611 1166 1683; x_wconf 87' lang='lat' dir='ltr'>coelo.</span> 
     </span>
    </p>

    <p class='ocr_par' dir='ltr' id='par_1_3' title="bbox 399 1745 1318 1843">
     <span class='ocr_line' id='line_1_8' title="bbox 399 1745 1318 1843; baseline 0.008 -28"><span class='ocrx_word' id='word_1_40' title='bbox 399 1745 477 1818; x_wconf 90' lang='lat' dir='ltr'>Nec</span> <span class='ocrx_word' id='word_1_41' title='bbox 494 1769 546 1817; x_wconf 90' lang='lat' dir='ltr'>res</span> <span class='ocrx_word' id='word_1_42' title='bbox 563 1747 657 1818; x_wconf 91' lang='lat' dir='ltr'>hunc</span> <span class='ocrx_word' id='word_1_43' title='bbox 675 1764 806 1818; x_wconf 86' lang='lat' dir='ltr'>tenerae</span> <span class='ocrx_word' id='word_1_44' title='bbox 823 1745 959 1843; x_wconf 86' lang='lat' dir='ltr'>poffent</span> <span class='ocrx_word' id='word_1_45' title='bbox 974 1748 1131 1842; x_wconf 84' lang='lat' dir='ltr'>perferre</span> <span class='ocrx_word' id='word_1_46' title='bbox 1147 1749 1318 1839; x_wconf 85' lang='lat' dir='ltr'>laborem,</span> 
     </span>
    </p>
   </div>
   <div class='ocr_carea' id='block_1_3' title="bbox 430 1960 1471 2027">
    <p class='ocr_par' dir='ltr' id='par_1_4' title="bbox 430 1960 1471 2027">
     <span class='ocr_line' id='line_1_9' title="bbox 430 1960 1471 2027; baseline -0.002 -18"><span class='ocrx_word' id='word_1_47' title='bbox 430 1973 444 2022; x_wconf 82' lang='grc'><strong>3</strong></span> <span class='ocrx_word' id='word_1_48' title='bbox 448 1975 486 2027; x_wconf 81' lang='lat'>39.</span> <span class='ocrx_word' id='word_1_49' title='bbox 501 1962 581 2009; x_wconf 76' lang='lat' dir='ltr'>hiberni</span> <span class='ocrx_word' id='word_1_50' title='bbox 593 1965 649 2011; x_wconf 80' lang='lat' dir='ltr'>Euri</span> <span class='ocrx_word' id='word_1_51' title='bbox 654 1960 764 2019; x_wconf 63' lang='lat' dir='ltr'>Medic„</span> <span class='ocrx_word' id='word_1_52' title='bbox 779 1960 859 2009; x_wconf 73' lang='lat' dir='ltr'>minut</span> <span class='ocrx_word' id='word_1_53' title='bbox 869 1961 1150 2025; x_wconf 51' lang='lat' dir='ltr'>poetice.--340.Cum</span> <span class='ocrx_word' id='word_1_54' title='bbox 1157 1965 1234 2027; x_wconf 77' lang='lat' dir='ltr'>primae</span> <span class='ocrx_word' id='word_1_55' title='bbox 1245 1961 1326 2011; x_wconf 80' lang='lat' dir='ltr'>Heius.</span> <span class='ocrx_word' id='word_1_56' title='bbox 1339 1976 1377 2008; x_wconf 88' lang='lat' dir='ltr'>rc·</span> <span class='ocrx_word' id='word_1_57' title='bbox 1469 1973 1471 1981; x_wconf 82' lang='grc'><em>’</em></span> 
     </span>
    </p>
   </div>
   <div class='ocr_carea' id='block_1_4' title="bbox 339 2038 1444 3642">
    <p class='ocr_par' dir='ltr' id='par_1_5' title="bbox 339 2038 1444 3642">
     <span class='ocr_line' id='line_1_10' title="bbox 397 2038 1382 2103; baseline 0.002 -20"><span class='ocrx_word' id='word_1_58' title='bbox 397 2038 469 2103; x_wconf 82' lang='lat' dir='ltr'>cepit,</span> <span class='ocrx_word' id='word_1_59' title='bbox 484 2056 514 2088; x_wconf 81' lang='lat' dir='ltr'>ex</span> <span class='ocrx_word' id='word_1_60' title='bbox 526 2040 618 2087; x_wconf 84' lang='lat' dir='ltr'>Medic.</span> <span class='ocrx_word' id='word_1_61' title='bbox 630 2051 654 2087; x_wconf 90' lang='lat' dir='ltr'>et</span> <span class='ocrx_word' id='word_1_62' title='bbox 665 2038 801 2102; x_wconf 85' lang='lat' dir='ltr'>permultis,</span> <span class='ocrx_word' id='word_1_63' title='bbox 817 2039 890 2086; x_wconf 90' lang='lat' dir='ltr'>etiam</span> <span class='ocrx_word' id='word_1_64' title='bbox 902 2041 1014 2087; x_wconf 84' lang='lat' dir='ltr'>Romano</span> <span class='ocrx_word' id='word_1_65' title='bbox 1025 2053 1052 2087; x_wconf 85' lang='lat' dir='ltr'>ac</span> <span class='ocrx_word' id='word_1_66' title='bbox 1063 2038 1177 2087; x_wconf 89' lang='lat' dir='ltr'>Mediceo</span> <span class='ocrx_word' id='word_1_67' title='bbox 1188 2039 1252 2102; x_wconf 87' lang='lat' dir='ltr'>apud</span> <span class='ocrx_word' id='word_1_68' title='bbox 1263 2038 1382 2091; x_wconf 83' lang='lat' dir='ltr'>Pierium.</span> 
     </span>
     <span class='ocr_line' id='line_1_11' title="bbox 398 2114 1381 2181; baseline 0.001 -22"><span class='ocrx_word' id='word_1_69' title='bbox 398 2114 548 2181; x_wconf 75' lang='lat' dir='ltr'>cumprimum</span> <span class='ocrx_word' id='word_1_70' title='bbox 557 2116 639 2180; x_wconf 85' lang='lat' dir='ltr'>vulgo.</span> <span class='ocrx_word' id='word_1_71' title='bbox 677 2115 732 2161; x_wconf 79' lang='lat' dir='ltr'>‘Tum</span> <span class='ocrx_word' id='word_1_72' title='bbox 745 2119 839 2179; x_wconf 83' lang='lat' dir='ltr'>primum</span> <span class='ocrx_word' id='word_1_73' title='bbox 858 2114 977 2163; x_wconf 89' lang='lat' dir='ltr'>Arundel.</span> <span class='ocrx_word' id='word_1_74' title='bbox 998 2114 1037 2163; x_wconf 93' lang='lat' dir='ltr'>ed.</span> <span class='ocrx_word' id='word_1_75' title='bbox 1056 2116 1119 2163; x_wconf 73' lang='lat' dir='ltr'>Veri.</span> <span class='ocrx_word' id='word_1_76' title='bbox 1146 2130 1217 2176; x_wconf 78' lang='lat'>1472,</span> <span class='ocrx_word' id='word_1_77' title='bbox 1238 2116 1381 2176; x_wconf 74' lang='lat' dir='ltr'>Par-1494.</span> 
     </span>
     <span class='ocr_line' id='line_1_12' title="bbox 399 2189 1383 2256; baseline 0.004 -21"><span class='ocrx_word' id='word_1_78' title='bbox 399 2190 547 2255; x_wconf 76' lang='lat' dir='ltr'><em>cumprimum</em></span> <span class='ocrx_word' id='word_1_79' title='bbox 559 2191 710 2256; x_wconf 64' lang='lat' dir='ltr'>Cantabrig„</span> <span class='ocrx_word' id='word_1_80' title='bbox 720 2192 785 2255; x_wconf 91' lang='lat' dir='ltr'>quod</span> <span class='ocrx_word' id='word_1_81' title='bbox 793 2202 817 2239; x_wconf 88' lang='lat' dir='ltr'>et</span> <span class='ocrx_word' id='word_1_82' title='bbox 825 2190 903 2254; x_wconf 84' lang='lat' dir='ltr'>ipsum</span> <span class='ocrx_word' id='word_1_83' title='bbox 914 2190 972 2239; x_wconf 87' lang='lat' dir='ltr'>ferri</span> <span class='ocrx_word' id='word_1_84' title='bbox 979 2189 1062 2256; x_wconf 84' lang='lat' dir='ltr'>poss&#39;et.</span> <span class='ocrx_word' id='word_1_85' title='bbox 1098 2194 1148 2238; x_wconf 80' lang='lat' dir='ltr'>Cum</span> <span class='ocrx_word' id='word_1_86' title='bbox 1159 2194 1318 2256; x_wconf 76' lang='lat' dir='ltr'>Iucmprimum</span> <span class='ocrx_word' id='word_1_87' title='bbox 1330 2194 1383 2239; x_wconf 87' lang='lat' dir='ltr'>Zu-</span> 
     </span>
     <span class='ocr_line' id='line_1_13' title="bbox 396 2261 1383 2335; baseline 0.006 -23"><span class='ocrx_word' id='word_1_88' title='bbox 396 2264 575 2329; x_wconf 84' lang='lat' dir='ltr'>lich.-—-34r.</span> <span class='ocrx_word' id='word_1_89' title='bbox 601 2270 680 2317; x_wconf 79' lang='lat' dir='ltr'>Terrea</span> <span class='ocrx_word' id='word_1_90' title='bbox 693 2271 804 2335; x_wconf 80' lang='lat' dir='ltr'>progenies</span> <span class='ocrx_word' id='word_1_91' title='bbox 828 2268 892 2331; x_wconf 89' lang='lat' dir='ltr'>apud</span> <span class='ocrx_word' id='word_1_92' title='bbox 914 2261 1075 2316; x_wconf 60' lang='lat' dir='ltr'>Ladantium&#39;</span> <span class='ocrx_word' id='word_1_93' title='bbox 1092 2268 1146 2317; x_wconf 86' lang='lat' dir='ltr'>lnst.</span> <span class='ocrx_word' id='word_1_94' title='bbox 1167 2271 1199 2329; x_wconf 87' lang='lat'>11,</span> <span class='ocrx_word' id='word_1_95' title='bbox 1216 2281 1247 2318; x_wconf 82' lang='grc' dir='ltr'>ιο</span> <span class='ocrx_word' id='word_1_96' title='bbox 1266 2268 1315 2334; x_wconf 80' lang='lat' dir='ltr'>legi</span> <span class='ocrx_word' id='word_1_97' title='bbox 1331 2270 1383 2334; x_wconf 85' lang='lat' dir='ltr'>jam</span> 
     </span>
     <span class='ocr_line' id='line_1_14' title="bbox 398 2344 1382 2412; baseline 0.006 -23"><span class='ocrx_word' id='word_1_98' title='bbox 398 2344 492 2393; x_wconf 82' lang='lat' dir='ltr'>Pierius</span> <span class='ocrx_word' id='word_1_99' title='bbox 508 2346 612 2395; x_wconf 87' lang='lat' dir='ltr'>notavit.</span> <span class='ocrx_word' id='word_1_100' title='bbox 648 2345 685 2394; x_wconf 89' lang='lat' dir='ltr'>Sic</span> <span class='ocrx_word' id='word_1_101' title='bbox 705 2346 798 2394; x_wconf 83' lang='lat' dir='ltr'>Medic.</span> <span class='ocrx_word' id='word_1_102' title='bbox 819 2362 841 2393; x_wconf 88' lang='lat' dir='ltr'>a.</span> <span class='ocrx_word' id='word_1_103' title='bbox 863 2360 898 2392; x_wconf 89' lang='lat' dir='ltr'>m.</span> <span class='ocrx_word' id='word_1_104' title='bbox 922 2344 972 2394; x_wconf 64' lang='lat' dir='ltr'>sec:</span> <span class='ocrx_word' id='word_1_105' title='bbox 1000 2346 1135 2395; x_wconf 87' lang='lat' dir='ltr'>Probarnnt</span> <span class='ocrx_word' id='word_1_106' title='bbox 1153 2346 1179 2394; x_wconf 91' lang='lat' dir='ltr'>id</span> <span class='ocrx_word' id='word_1_107' title='bbox 1198 2346 1245 2394; x_wconf 80' lang='lat' dir='ltr'>viri</span> <span class='ocrx_word' id='word_1_108' title='bbox 1261 2346 1328 2396; x_wconf 75' lang='lat' dir='ltr'>docti</span> <span class='ocrx_word' id='word_1_109' title='bbox 1341 2362 1382 2412; x_wconf 85' lang='lat' dir='ltr'>ap.</span> 
     </span>
     <span class='ocr_line' id='line_1_15' title="bbox 398 2418 1384 2487; baseline 0.007 -22"><span class='ocrx_word' id='word_1_110' title='bbox 398 2418 494 2480; x_wconf 66' lang='lat' dir='ltr'>Burm„</span> <span class='ocrx_word' id='word_1_111' title='bbox 509 2432 534 2470; x_wconf 92' lang='lat' dir='ltr'>ct</span> <span class='ocrx_word' id='word_1_112' title='bbox 545 2422 608 2469; x_wconf 85' lang='lat' dir='ltr'>inter</span> <span class='ocrx_word' id='word_1_113' title='bbox 618 2419 775 2470; x_wconf 82' lang='lat' dir='ltr'>hotBentlei.</span> <span class='ocrx_word' id='word_1_114' title='bbox 793 2420 824 2468; x_wconf 85' lang='lat' dir='ltr'>ad</span> <span class='ocrx_word' id='word_1_115' title='bbox 837 2420 926 2469; x_wconf 84' lang='lat' dir='ltr'>Horat.</span> <span class='ocrx_word' id='word_1_116' title='bbox 936 2421 1014 2484; x_wconf 85' lang='lat' dir='ltr'>Epod.</span> <span class='ocrx_word' id='word_1_117' title='bbox 1024 2421 1054 2479; x_wconf 92' lang='lat'>11,</span> <span class='ocrx_word' id='word_1_118' title='bbox 1066 2419 1112 2480; x_wconf 76' lang='lat'>183</span> <span class='ocrx_word' id='word_1_119' title='bbox 1138 2433 1262 2487; x_wconf 83' lang='lat' dir='ltr'>receptum</span> <span class='ocrx_word' id='word_1_120' title='bbox 1278 2422 1338 2471; x_wconf 78' lang='lat' dir='ltr'>adeo</span> <span class='ocrx_word' id='word_1_121' title='bbox 1348 2420 1384 2471; x_wconf 81' lang='lat' dir='ltr'>est</span> 
     </span>
     <span class='ocr_line' id='line_1_16' title="bbox 398 2490 1383 2566; baseline 0.005 -24"><span class='ocrx_word' id='word_1_122' title='bbox 398 2493 423 2542; x_wconf 87' lang='lat' dir='ltr'>in</span> <span class='ocrx_word' id='word_1_123' title='bbox 435 2490 493 2546; x_wconf 84' lang='lat' dir='ltr'>edit.</span> <span class='ocrx_word' id='word_1_124' title='bbox 505 2498 668 2563; x_wconf 84' lang='lat' dir='ltr'>Cuningham.</span> <span class='ocrx_word' id='word_1_125' title='bbox 680 2500 832 2546; x_wconf 77' lang='lat' dir='ltr'>Burmannus</span> <span class='ocrx_word' id='word_1_126' title='bbox 849 2511 904 2544; x_wconf 84' lang='lat' dir='ltr'>cam</span> <span class='ocrx_word' id='word_1_127' title='bbox 922 2494 1051 2545; x_wconf 69' lang='lat' dir='ltr'>lectionem</span> <span class='ocrx_word' id='word_1_128' title='bbox 1071 2498 1206 2566; x_wconf 83' lang='lat' dir='ltr'>impugnat,</span> <span class='ocrx_word' id='word_1_129' title='bbox 1223 2499 1287 2549; x_wconf 87' lang='lat' dir='ltr'>sorte</span> <span class='ocrx_word' id='word_1_130' title='bbox 1298 2511 1383 2549; x_wconf 83' lang='lat' dir='ltr'>tamen</span> 
     </span>
     <span class='ocr_line' id='line_1_17' title="bbox 397 2574 1380 2643; baseline 0.003 -21"><span class='ocrx_word' id='word_1_131' title='bbox 397 2576 547 2638; x_wconf 79' lang='lat' dir='ltr'>argumentis</span> <span class='ocrx_word' id='word_1_132' title='bbox 556 2592 642 2641; x_wconf 84' lang='lat' dir='ltr'>parum</span> <span class='ocrx_word' id='word_1_133' title='bbox 654 2575 753 2629; x_wconf 81' lang='lat' dir='ltr'>idoneis.</span> <span class='ocrx_word' id='word_1_134' title='bbox 786 2574 880 2622; x_wconf 86' lang='lat' dir='ltr'>Scilicet</span> <span class='ocrx_word' id='word_1_135' title='bbox 900 2574 965 2637; x_wconf 86' lang='lat' dir='ltr'>quod</span> <span class='ocrx_word' id='word_1_136' title='bbox 983 2577 1009 2623; x_wconf 88' lang='lat' dir='ltr'>in</span> <span class='ocrx_word' id='word_1_137' title='bbox 1023 2575 1132 2641; x_wconf 79' lang='lat' dir='ltr'>vulgata,</span> <span class='ocrx_word' id='word_1_138' title='bbox 1147 2579 1235 2636; x_wconf 78' lang='lat' dir='ltr'>Ferrea,</span> <span class='ocrx_word' id='word_1_139' title='bbox 1250 2577 1380 2643; x_wconf 85' lang='lat' dir='ltr'>reprehen-</span> 
     </span>
     <span class='ocr_line' id='line_1_18' title="bbox 398 2649 1424 2720; baseline 0.002 -19"><span class='ocrx_word' id='word_1_140' title='bbox 398 2652 454 2701; x_wconf 83' lang='lat' dir='ltr'>dere</span> <span class='ocrx_word' id='word_1_141' title='bbox 465 2652 541 2717; x_wconf 81' lang='lat' dir='ltr'>poffis,</span> <span class='ocrx_word' id='word_1_142' title='bbox 556 2653 590 2701; x_wconf 88' lang='lat' dir='ltr'>est</span> <span class='ocrx_word' id='word_1_143' title='bbox 601 2654 655 2711; x_wconf 90' lang='lat' dir='ltr'>hoc,</span> <span class='ocrx_word' id='word_1_144' title='bbox 666 2651 735 2716; x_wconf 51' lang='lat' dir='ltr'>¹quod</span> <span class='ocrx_word' id='word_1_145' title='bbox 746 2651 776 2698; x_wconf 86' lang='lat' dir='ltr'>ab</span> <span class='ocrx_word' id='word_1_146' title='bbox 786 2650 813 2697; x_wconf 69' lang='lat' dir='ltr'>ha</span> <span class='ocrx_word' id='word_1_147' title='bbox 824 2650 853 2710; x_wconf 88' lang='lat' dir='ltr'>l.,</span> <span class='ocrx_word' id='word_1_148' title='bbox 868 2649 910 2698; x_wconf 91' lang='lat' dir='ltr'>ubi</span> <span class='ocrx_word' id='word_1_149' title='bbox 930 2650 960 2699; x_wconf 88' lang='lat' dir='ltr'>de</span> <span class='ocrx_word' id='word_1_150' title='bbox 978 2651 1057 2717; x_wconf 84' lang='lat' dir='ltr'>prima</span> <span class='ocrx_word' id='word_1_151' title='bbox 1074 2650 1202 2702; x_wconf 88' lang='lat' dir='ltr'>hominum</span> <span class='ocrx_word' id='word_1_152' title='bbox 1213 2654 1293 2720; x_wconf 86' lang='lat' dir='ltr'>stirpe,</span> <span class='ocrx_word' id='word_1_153' title='bbox 1310 2654 1383 2703; x_wconf 82' lang='lat' dir='ltr'>adeo·</span> <span class='ocrx_word' id='word_1_154' title='bbox 1420 2700 1424 2708; x_wconf 89' lang='grc'><em>,</em></span> 
     </span>
     <span class='ocr_line' id='line_1_19' title="bbox 398 2726 1381 2793; baseline 0.001 -16"><span class='ocrx_word' id='word_1_155' title='bbox 398 2744 445 2792; x_wconf 88' lang='lat' dir='ltr'>quc</span> <span class='ocrx_word' id='word_1_156' title='bbox 464 2730 493 2778; x_wconf 91' lang='lat' dir='ltr'>de</span> <span class='ocrx_word' id='word_1_157' title='bbox 513 2746 584 2778; x_wconf 81' lang='lat' dir='ltr'>aurea</span> <span class='ocrx_word' id='word_1_158' title='bbox 603 2740 674 2780; x_wconf 86' lang='lat' dir='ltr'>aetate</span> <span class='ocrx_word' id='word_1_159' title='bbox 686 2728 774 2793; x_wconf 89' lang='lat' dir='ltr'>agitur,</span> <span class='ocrx_word' id='word_1_160' title='bbox 789 2726 867 2775; x_wconf 88' lang='lat' dir='ltr'>aliena</span> <span class='ocrx_word' id='word_1_161' title='bbox 886 2726 928 2787; x_wconf 87' lang='lat' dir='ltr'>est,</span> <span class='ocrx_word' id='word_1_162' title='bbox 943 2738 968 2777; x_wconf 84' lang='lat' dir='ltr'>et</span> <span class='ocrx_word' id='word_1_163' title='bbox 983 2728 1014 2777; x_wconf 87' lang='lat' dir='ltr'>ad</span> <span class='ocrx_word' id='word_1_164' title='bbox 1025 2740 1123 2778; x_wconf 77' lang='lat' dir='ltr'>aetatem</span> <span class='ocrx_word' id='word_1_165' title='bbox 1139 2730 1261 2789; x_wconf 84' lang='lat' dir='ltr'>seriorem,</span> <span class='ocrx_word' id='word_1_166' title='bbox 1275 2730 1381 2780; x_wconf 84' lang='lat' dir='ltr'>ferream</span> 
     </span>
     <span class='ocr_line' id='line_1_20' title="bbox 398 2797 1395 2872; baseline 0.002 -21"><span class='ocrx_word' id='word_1_167' title='bbox 398 2803 496 2863; x_wconf 62' lang='lat' dir='ltr'>distairi,</span> <span class='ocrx_word' id='word_1_168' title='bbox 516 2807 606 2872; x_wconf 68' lang='lat' dir='ltr'>spediat</span> <span class='ocrx_word' id='word_1_169' title='bbox 619 2827 669 2872; x_wconf 83' lang='lat' dir='ltr'>gens</span> <span class='ocrx_word' id='word_1_170' title='bbox 679 2810 765 2869; x_wconf 81' lang='lat' dir='ltr'>ferrea,</span> <span class='ocrx_word' id='word_1_171' title='bbox 782 2797 873 2871; x_wconf 61' lang='lat' dir='ltr'>adigunt</span> <span class='ocrx_word' id='word_1_172' title='bbox 891 2805 947 2866; x_wconf 61' lang='grc' dir='ltr'><strong>γένος</strong></span> <span class='ocrx_word' id='word_1_173' title='bbox 968 2805 1076 2864; x_wconf 65' lang='lat' dir='ltr'>Hesiodi,</span> <span class='ocrx_word' id='word_1_174' title='bbox 1092 2823 1173 2871; x_wconf 75' lang='lat' dir='ltr'>genus&#39;</span> <span class='ocrx_word' id='word_1_175' title='bbox 1186 2806 1314 2860; x_wconf 78' lang='lat' dir='ltr'>hominum</span> <span class='ocrx_word' id='word_1_176' title='bbox 1332 2807 1395 2855; x_wconf 78' lang='lat' dir='ltr'>fer-&#39;</span> 
     </span>
     <span class='ocr_line' id='line_1_21' title="bbox 398 2880 1383 2948; baseline 0.003 -21"><span class='ocrx_word' id='word_1_177' title='bbox 398 2896 483 2931; x_wconf 81' lang='lat' dir='ltr'>reum:</span> <span class='ocrx_word' id='word_1_178' title='bbox 499 2884 531 2931; x_wconf 86' lang='lat' dir='ltr'>ad</span> <span class='ocrx_word' id='word_1_179' title='bbox 542 2885 608 2948; x_wconf 84' lang='lat' dir='ltr'>cujus</span> <span class='ocrx_word' id='word_1_180' title='bbox 623 2882 785 2931; x_wconf 87' lang='lat' dir='ltr'>imitationem</span> <span class='ocrx_word' id='word_1_181' title='bbox 796 2880 889 2929; x_wconf 72' lang='lat' dir='ltr'>diotum</span> <span class='ocrx_word' id='word_1_182' title='bbox 902 2880 936 2929; x_wconf 85' lang='lat' dir='ltr'>est</span> <span class='ocrx_word' id='word_1_183' title='bbox 947 2880 977 2929; x_wconf 88' lang='lat' dir='ltr'>de</span> <span class='ocrx_word' id='word_1_184' title='bbox 994 2882 1084 2945; x_wconf 79' lang='lat' dir='ltr'>Spartia</span> <span class='ocrx_word' id='word_1_185' title='bbox 1094 2883 1119 2929; x_wconf 91' lang='lat' dir='ltr'>in</span> <span class='ocrx_word' id='word_1_186' title='bbox 1131 2882 1223 2931; x_wconf 80' lang='lat' dir='ltr'>Boeotia</span> <span class='ocrx_word' id='word_1_187' title='bbox 1234 2892 1276 2931; x_wconf 89' lang='lat' dir='ltr'>aut</span> <span class='ocrx_word' id='word_1_188' title='bbox 1287 2881 1313 2930; x_wconf 88' lang='lat' dir='ltr'>in</span> <span class='ocrx_word' id='word_1_189' title='bbox 1324 2883 1383 2933; x_wconf 82' lang='lat' dir='ltr'>cor-</span> 
     </span>
     <span class='ocr_line' id='line_1_22' title="bbox 398 2950 1444 3023; baseline 0 -18"><span class='ocrx_word' id='word_1_190' title='bbox 398 2956 475 3018; x_wconf 88' lang='lat' dir='ltr'>chidc,</span> <span class='ocrx_word' id='word_1_191' title='bbox 491 2960 532 3023; x_wconf 91' lang='lat' dir='ltr'>qui</span> <span class='ocrx_word' id='word_1_192' title='bbox 544 2977 600 3010; x_wconf 88' lang='lat' dir='ltr'>cum</span> <span class='ocrx_word' id='word_1_193' title='bbox 611 2960 684 3009; x_wconf 79' lang='lat' dir='ltr'>armis</span> <span class='ocrx_word' id='word_1_194' title='bbox 695 2975 723 3008; x_wconf 85' lang='lat' dir='ltr'>ex</span> <span class='ocrx_word' id='word_1_195' title='bbox 739 2970 805 3007; x_wconf 78' lang='lat' dir='ltr'>terra</span> <span class='ocrx_word' id='word_1_196' title='bbox 816 2957 864 3005; x_wconf 89' lang='lat' dir='ltr'>orti</span> <span class='ocrx_word' id='word_1_197' title='bbox 874 2958 941 3017; x_wconf 79' lang='lat' dir='ltr'>sunt3</span> <span class='ocrx_word' id='word_1_198' title='bbox 955 2959 1052 3022; x_wconf 85' lang='lat' dir='ltr'>proprie</span> <span class='ocrx_word' id='word_1_199' title='bbox 1063 2959 1165 3018; x_wconf 74' lang='lat' dir='ltr'>diceres,</span> <span class='ocrx_word' id='word_1_200' title='bbox 1178 2958 1247 3007; x_wconf 76' lang='lat' dir='ltr'>fuisse</span> <span class='ocrx_word' id='word_1_201' title='bbox 1264 2974 1318 3007; x_wconf 86' lang='lat' dir='ltr'>eam</span> <span class='ocrx_word' id='word_1_202' title='bbox 1328 2963 1382 3022; x_wconf 79' lang='lat' dir='ltr'>ser·</span> <span class='ocrx_word' id='word_1_203' title='bbox 1438 2950 1444 2962; x_wconf 73' lang='grc'><strong>”</strong></span> 
     </span>
     <span class='ocr_line' id='line_1_23' title="bbox 398 3031 1382 3101; baseline -0.004 -18"><span class='ocrx_word' id='word_1_204' title='bbox 398 3054 454 3083; x_wconf 79' lang='lat' dir='ltr'>ream</span> <span class='ocrx_word' id='word_1_205' title='bbox 460 3040 584 3101; x_wconf 77' lang='lat' dir='ltr'>progeniem.</span> <span class='ocrx_word' id='word_1_206' title='bbox 619 3036 697 3100; x_wconf 84' lang='lat' dir='ltr'>Igitur</span> <span class='ocrx_word' id='word_1_207' title='bbox 708 3050 771 3082; x_wconf 87' lang='lat' dir='ltr'>nunc</span> <span class='ocrx_word' id='word_1_208' title='bbox 782 3033 814 3081; x_wconf 87' lang='lat' dir='ltr'>ad</span> <span class='ocrx_word' id='word_1_209' title='bbox 825 3031 982 3081; x_wconf 82' lang='lat' dir='ltr'>cumsensum</span> <span class='ocrx_word' id='word_1_210' title='bbox 994 3031 1174 3090; x_wconf 83' lang='lat' dir='ltr'>recurrendum,</span> <span class='ocrx_word' id='word_1_211' title='bbox 1188 3043 1216 3080; x_wconf 90' lang='lat' dir='ltr'>ut</span> <span class='ocrx_word' id='word_1_212' title='bbox 1218 3034 1317 3095; x_wconf 75' lang='lat' dir='ltr'>ferreum</span> <span class='ocrx_word' id='word_1_213' title='bbox 1328 3045 1382 3079; x_wconf 83' lang='lat' dir='ltr'>orn·</span> 
     </span>
     <span class='ocr_line' id='line_1_24' title="bbox 398 3106 1383 3177; baseline -0.006 -16"><span class='ocrx_word' id='word_1_214' title='bbox 398 3111 456 3161; x_wconf 85' lang='lat' dir='ltr'>nino</span> <span class='ocrx_word' id='word_1_215' title='bbox 465 3112 493 3162; x_wconf 79' lang='lat' dir='ltr'>sit</span> <span class='ocrx_word' id='word_1_216' title='bbox 505 3114 601 3162; x_wconf 88' lang='lat' dir='ltr'>durum.</span> <span class='ocrx_word' id='word_1_217' title='bbox 633 3112 750 3162; x_wconf 83' lang='lat' dir='ltr'>Defendit</span> <span class='ocrx_word' id='word_1_218' title='bbox 762 3108 888 3177; x_wconf 80' lang='lat' dir='ltr'>vulgatam</span> <span class='ocrx_word' id='word_1_219' title='bbox 899 3110 974 3157; x_wconf 87' lang='lat' dir='ltr'>ctiam</span> <span class='ocrx_word' id='word_1_220' title='bbox 985 3110 1069 3159; x_wconf 79' lang='lat' dir='ltr'>Burni.</span> <span class='ocrx_word' id='word_1_221' title='bbox 1078 3108 1199 3157; x_wconf 79' lang='lat' dir='ltr'>Secundus</span> <span class='ocrx_word' id='word_1_222' title='bbox 1209 3106 1383 3171; x_wconf 76' lang='lat' dir='ltr'>adAntholog.</span> 
     </span>
     <span class='ocr_line' id='line_1_25' title="bbox 396 3177 1381 3255; baseline -0.005 -18"><span class='ocrx_word' id='word_1_223' title='bbox 396 3189 453 3239; x_wconf 89' lang='lat' dir='ltr'>Lat.</span> <span class='ocrx_word' id='word_1_224' title='bbox 474 3206 500 3255; x_wconf 85' lang='lat' dir='ltr'>p.</span> <span class='ocrx_word' id='word_1_225' title='bbox 523 3190 577 3240; x_wconf 86' lang='lat'>166.</span> <span class='ocrx_word' id='word_1_226' title='bbox 610 3177 696 3240; x_wconf 71' lang='lat' dir='ltr'>Fateor</span> <span class='ocrx_word' id='word_1_227' title='bbox 706 3201 788 3239; x_wconf 86' lang='lat' dir='ltr'>tamen</span> <span class='ocrx_word' id='word_1_228' title='bbox 806 3186 845 3236; x_wconf 83' lang='lat' dir='ltr'>vel</span> <span class='ocrx_word' id='word_1_229' title='bbox 860 3186 890 3235; x_wconf 86' lang='lat' dir='ltr'>[ic</span> <span class='ocrx_word' id='word_1_230' title='bbox 902 3192 941 3234; x_wconf 86' lang='lat' dir='ltr'>me&#39;</span> <span class='ocrx_word' id='word_1_231' title='bbox 952 3184 1110 3251; x_wconf 78' lang='lat' dir='ltr'>praelatui-um</span> <span class='ocrx_word' id='word_1_232' title='bbox 1119 3183 1188 3254; x_wconf 81' lang='lat' dir='ltr'>fuiffe</span> <span class='ocrx_word' id='word_1_233' title='bbox 1203 3178 1292 3243; x_wconf 67' lang='lat' dir='ltr'>Tmei,</span> <span class='ocrx_word' id='word_1_234' title='bbox 1306 3184 1381 3234; x_wconf 89' lang='lat' dir='ltr'>modo</span> 
     </span>
     <span class='ocr_line' id='line_1_26' title="bbox 339 3258 1384 3328; baseline -0.004 -14"><span class='ocrx_word' id='word_1_235' title='bbox 339 3274 341 3279; x_wconf 83' lang='lat'><em>&#39;</em></span> <span class='ocrx_word' id='word_1_236' title='bbox 397 3265 427 3314; x_wconf 92' lang='lat' dir='ltr'>de</span> <span class='ocrx_word' id='word_1_237' title='bbox 439 3267 481 3316; x_wconf 90' lang='lat' dir='ltr'>usu</span> <span class='ocrx_word' id='word_1_238' title='bbox 495 3270 560 3315; x_wconf 80' lang='lat' dir='ltr'>vocis</span> <span class='ocrx_word' id='word_1_239' title='bbox 570 3266 632 3316; x_wconf 88' lang='lat' dir='ltr'>mihi</span> <span class='ocrx_word' id='word_1_240' title='bbox 648 3268 734 3316; x_wconf 78' lang='lat' dir='ltr'>melius</span> <span class='ocrx_word' id='word_1_241' title='bbox 754 3264 887 3324; x_wconf 84' lang='lat' dir='ltr'>constaret;</span> <span class='ocrx_word' id='word_1_242' title='bbox 912 3278 980 3320; x_wconf 84' lang='lat' dir='ltr'>nam,</span> <span class='ocrx_word' id='word_1_243' title='bbox 997 3261 1062 3327; x_wconf 88' lang='lat' dir='ltr'>quod</span> <span class='ocrx_word' id='word_1_244' title='bbox 1075 3258 1203 3328; x_wconf 62' lang='lat' dir='ltr'>Terrigenae</span> <span class='ocrx_word' id='word_1_245' title='bbox 1210 3259 1325 3310; x_wconf 85' lang='lat' dir='ltr'>Lucretio</span> <span class='ocrx_word' id='word_1_246' title='bbox 1335 3260 1384 3310; x_wconf 89' lang='lat' dir='ltr'>dici</span> 
     </span>
     <span class='ocr_line' id='line_1_27' title="bbox 397 3326 1382 3406; baseline -0.006 -14"><span class='ocrx_word' id='word_1_247' title='bbox 397 3345 440 3403; x_wconf 79' lang='lat' dir='ltr'>ais,</span> <span class='ocrx_word' id='word_1_248' title='bbox 455 3344 564 3393; x_wconf 88' lang='lat' dir='ltr'>nondum</span> <span class='ocrx_word' id='word_1_249' title='bbox 582 3344 702 3403; x_wconf 78' lang='lat' dir='ltr'>satisfacit,</span> <span class='ocrx_word' id='word_1_250' title='bbox 718 3355 746 3393; x_wconf 88' lang='lat' dir='ltr'>ut</span> <span class='ocrx_word' id='word_1_251' title='bbox 764 3354 789 3392; x_wconf 89' lang='lat' dir='ltr'>et</span> <span class='ocrx_word' id='word_1_252' title='bbox 806 3354 876 3391; x_wconf 77' lang='lat' dir='ltr'>terrea</span> <span class='ocrx_word' id='word_1_253' title='bbox 888 3326 995 3406; x_wconf 54' lang='lat' dir='ltr'>progenis</span> <span class='ocrx_word' id='word_1_254' title='bbox 1013 3340 1115 3389; x_wconf 86' lang='lat' dir='ltr'>dicatur.</span> <span class='ocrx_word' id='word_1_255' title='bbox 1149 3341 1225 3389; x_wconf 88' lang='lat' dir='ltr'>Porro</span> <span class='ocrx_word' id='word_1_256' title='bbox 1235 3342 1382 3405; x_wconf 58' lang='lat' dir='ltr'>dumetum</span> 
     </span>
     <span class='ocr_line' id='line_1_28' title="bbox 398 3417 1383 3485; baseline -0.007 -15"><span class='ocrx_word' id='word_1_257' title='bbox 398 3422 492 3470; x_wconf 90' lang='lat' dir='ltr'>Moret.</span> <span class='ocrx_word' id='word_1_258' title='bbox 505 3438 546 3485; x_wconf 88' lang='lat' dir='ltr'>qu.</span> <span class='ocrx_word' id='word_1_259' title='bbox 559 3420 633 3475; x_wconf 85' lang='lat' dir='ltr'>Goth.</span> <span class='ocrx_word' id='word_1_260' title='bbox 647 3438 702 3485; x_wconf 65' lang='lat' dir='ltr'>pr,</span> <span class='ocrx_word' id='word_1_261' title='bbox 718 3432 743 3469; x_wconf 90' lang='lat' dir='ltr'>et</span> <span class='ocrx_word' id='word_1_262' title='bbox 753 3418 785 3468; x_wconf 87' lang='lat' dir='ltr'>fic</span> <span class='ocrx_word' id='word_1_263' title='bbox 797 3430 858 3469; x_wconf 81' lang='lat' dir='ltr'>vett.</span> <span class='ocrx_word' id='word_1_264' title='bbox 876 3418 931 3467; x_wconf 79' lang='lat' dir='ltr'>cdd.</span> <span class='ocrx_word' id='word_1_265' title='bbox 942 3434 980 3483; x_wconf 83' lang='lat' dir='ltr'>ap.</span> <span class='ocrx_word' id='word_1_266' title='bbox 994 3417 1098 3467; x_wconf 82' lang='lat' dir='ltr'>Martin.</span> <span class='ocrx_word' id='word_1_267' title='bbox 1130 3420 1188 3481; x_wconf 81' lang='lat' dir='ltr'>agris</span> <span class='ocrx_word' id='word_1_268' title='bbox 1199 3418 1283 3464; x_wconf 85' lang='lat' dir='ltr'>Frane.</span> <span class='ocrx_word' id='word_1_269' title='bbox 1315 3418 1383 3464; x_wconf 67' lang='grc' dir='ltr'>πίε</span> 
     </span>
     <span class='ocr_line' id='line_1_29' title="bbox 397 3490 1382 3566; baseline -0.004 -21"><span class='ocrx_word' id='word_1_270' title='bbox 397 3497 612 3558; x_wconf 84' lang='lat' dir='ltr'>Bodlei.--343.</span> <span class='ocrx_word' id='word_1_271' title='bbox 620 3500 712 3561; x_wconf 73' lang='lat' dir='ltr'>fiefferrc</span> <span class='ocrx_word' id='word_1_272' title='bbox 724 3495 819 3545; x_wconf 89' lang='lat' dir='ltr'>Medic.</span> <span class='ocrx_word' id='word_1_273' title='bbox 829 3512 852 3544; x_wconf 85' lang='lat' dir='ltr'>a.</span> <span class='ocrx_word' id='word_1_274' title='bbox 862 3511 896 3566; x_wconf 77' lang='lat' dir='ltr'>na.</span> <span class='ocrx_word' id='word_1_275' title='bbox 909 3510 963 3561; x_wconf 60' lang='grc' dir='ltr'>ρης</span> <span class='ocrx_word' id='word_1_276' title='bbox 977 3494 1042 3561; x_wconf 89' lang='lat' dir='ltr'>quod</span> <span class='ocrx_word' id='word_1_277' title='bbox 1052 3494 1206 3543; x_wconf 81' lang='lat' dir='ltr'>commendat</span> <span class='ocrx_word' id='word_1_278' title='bbox 1217 3490 1301 3543; x_wconf 74' lang='lat' dir='ltr'>Heius.</span> <span class='ocrx_word' id='word_1_279' title='bbox 1327 3502 1382 3559; x_wconf 74' lang='lat' dir='ltr'>pro·</span> 
     </span>
     <span class='ocr_line' id='line_1_30' title="bbox 391 3574 637 3642; baseline 0 -19"><span class='ocrx_word' id='word_1_280' title='bbox 391 3581 456 3642; x_wconf 81' lang='lat' dir='ltr'>serre</span> <span class='ocrx_word' id='word_1_281' title='bbox 467 3574 582 3622; x_wconf 85' lang='lat' dir='ltr'>Rottcnd.</span> <span class='ocrx_word' id='word_1_282' title='bbox 593 3574 637 3623; x_wconf 81' lang='lat' dir='ltr'>sec.</span> 
     </span>
    </p>
   </div>
   <div class='ocr_carea' id='block_1_5' title="bbox 355 3737 1388 4743">
    <p class='ocr_par' dir='ltr' id='par_1_6' title="bbox 355 3737 1384 4284">
     <span class='ocr_line' id='line_1_31' title="bbox 397 3737 1383 3822; baseline -0.002 -22"><span class='ocrx_word' id='word_1_283' title='bbox 397 3742 505 3821; x_wconf 86' lang='lat' dir='ltr'>vulgari</span> <span class='ocrx_word' id='word_1_284' title='bbox 522 3741 664 3801; x_wconf 88' lang='lat' dir='ltr'>nascentis.</span> <span class='ocrx_word' id='word_1_285' title='bbox 714 3761 778 3822; x_wconf 82' lang='lat'>337.</span> <span class='ocrx_word' id='word_1_286' title='bbox 799 3740 865 3803; x_wconf 68' lang='lat' dir='ltr'>te&#39;no&#39;·</span> <span class='ocrx_word' id='word_1_287' title='bbox 913 3737 990 3821; x_wconf 83' lang='lat' dir='ltr'>tiqua</span> <span class='ocrx_word' id='word_1_288' title='bbox 1015 3741 1119 3802; x_wconf 87' lang='lat' dir='ltr'>scilicet</span> <span class='ocrx_word' id='word_1_289' title='bbox 1141 3738 1230 3819; x_wconf 67' lang='lat' dir='ltr'>poifi3</span> <span class='ocrx_word' id='word_1_290' title='bbox 1258 3739 1334 3799; x_wconf 75' lang='lat' dir='ltr'>‘unde</span> <span class='ocrx_word' id='word_1_291' title='bbox 1353 3759 1383 3805; x_wconf 84' lang='lat' dir='ltr'>et</span> 
     </span>
     <span class='ocr_line' id='line_1_32' title="bbox 396 3818 1381 3900; baseline -0.003 -21"><span class='ocrx_word' id='word_1_292' title='bbox 396 3844 448 3879; x_wconf 83' lang='lat' dir='ltr'>rem</span> <span class='ocrx_word' id='word_1_293' title='bbox 461 3837 509 3897; x_wconf 90' lang='lat' dir='ltr'>pro</span> <span class='ocrx_word' id='word_1_294' title='bbox 527 3834 579 3876; x_wconf 90' lang='lat' dir='ltr'>tem</span> <span class='ocrx_word' id='word_1_295' title='bbox 614 3820 677 3876; x_wconf 86' lang='lat' dir='ltr'>state</span> <span class='ocrx_word' id='word_1_296' title='bbox 694 3818 777 3887; x_wconf 82' lang='lat' dir='ltr'>dixit,</span> <span class='ocrx_word' id='word_1_297' title='bbox 801 3839 865 3879; x_wconf 87' lang='lat' dir='ltr'>cum</span> <span class='ocrx_word' id='word_1_298' title='bbox 888 3869 893 3878; x_wconf 88' lang='lat'>.</span> <span class='ocrx_word' id='word_1_299' title='bbox 913 3840 1013 3879; x_wconf 88' lang='lat' dir='ltr'>nomen</span> <span class='ocrx_word' id='word_1_300' title='bbox 1038 3820 1149 3900; x_wconf 75' lang='lat' dir='ltr'>Magne</span> <span class='ocrx_word' id='word_1_301' title='bbox 1172 3827 1262 3877; x_wconf 76' lang='lat' dir='ltr'>matris</span> <span class='ocrx_word' id='word_1_302' title='bbox 1290 3818 1381 3876; x_wconf 86' lang='lat' dir='ltr'>fluxit.</span> 
     </span>
     <span class='ocr_line' id='line_1_33' title="bbox 372 3894 1384 3975; baseline -0.003 -21"><span class='ocrx_word' id='word_1_303' title='bbox 372 3904 374 3908; x_wconf 82' lang='lat'>&#39;</span> <span class='ocrx_word' id='word_1_304' title='bbox 397 3895 575 3975; x_wconf 88' lang='lat' dir='ltr'>proprie,s1a</span> <span class='ocrx_word' id='word_1_305' title='bbox 606 3910 661 3953; x_wconf 86' lang='lat' dir='ltr'>tem</span> <span class='ocrx_word' id='word_1_306' title='bbox 680 3896 865 3965; x_wconf 84' lang='lat' dir='ltr'>usreferatur,</span> <span class='ocrx_word' id='word_1_307' title='bbox 914 3917 980 3973; x_wconf 85' lang='lat'>341·</span> <span class='ocrx_word' id='word_1_308' title='bbox 1002 3898 1038 3954; x_wconf 90' lang='lat' dir='ltr'>Et</span> <span class='ocrx_word' id='word_1_309' title='bbox 1057 3894 1256 3954; x_wconf 78' lang='lat' dir='ltr'>cumhominta</span> <span class='ocrx_word' id='word_1_310' title='bbox 1272 3894 1384 3973; x_wconf 85' lang='lat' dir='ltr'>primic</span> 
     </span>
     <span class='ocr_line' id='line_1_34' title="bbox 394 3916 1381 4051; baseline -0.004 -20"><span class='ocrx_word' id='word_1_311' title='bbox 394 3975 431 4037; x_wconf 81' lang='lat' dir='ltr'>sit</span> <span class='ocrx_word' id='word_1_312' title='bbox 454 3971 623 4031; x_wconf 85' lang='lat' dir='ltr'>continuatio</span> <span class='ocrx_word' id='word_1_313' title='bbox 648 3916 684 4030; x_wconf 66' lang='lat' dir='ltr'>aii·</span> <span class='ocrx_word' id='word_1_314' title='bbox 705 3993 739 4031; x_wconf 87' lang='lat' dir='ltr'>ua</span> <span class='ocrx_word' id='word_1_315' title='bbox 762 3986 815 4034; x_wconf 85' lang='lat' dir='ltr'>tem</span> <span class='ocrx_word' id='word_1_316' title='bbox 911 3988 982 4031; x_wconf 86' lang='lat' dir='ltr'>terra</span> <span class='ocrx_word' id='word_1_317' title='bbox 997 3975 1054 4031; x_wconf 88' lang='lat' dir='ltr'>nati</span> <span class='ocrx_word' id='word_1_318' title='bbox 1070 3974 1140 4031; x_wconf 89' lang='lat' dir='ltr'>sunt.</span> <span class='ocrx_word' id='word_1_319' title='bbox 1179 3970 1381 4051; x_wconf 81' lang='lat' dir='ltr'>Qantaorna·</span> 
     </span>
     <span class='ocr_line' id='line_1_35' title="bbox 397 3995 1383 4127; baseline -0.007 -18"><span class='ocrx_word' id='word_1_320' title='bbox 397 4052 447 4118; x_wconf 82' lang='lat' dir='ltr'>ria,</span> <span class='ocrx_word' id='word_1_321' title='bbox 478 4069 561 4126; x_wconf 83' lang='lat' dir='ltr'>eaque</span> <span class='ocrx_word' id='word_1_322' title='bbox 587 3995 737 4127; x_wconf 75' lang='lat' dir='ltr'>aequabiiis.</span> <span class='ocrx_word' id='word_1_323' title='bbox 826 4069 866 4112; x_wconf 80' lang='lat' dir='ltr'>on</span> <span class='ocrx_word' id='word_1_324' title='bbox 911 4065 954 4108; x_wconf 84' lang='lat' dir='ltr'>tus</span> <span class='ocrx_word' id='word_1_325' title='bbox 980 4050 1095 4109; x_wconf 82' lang='lat' dir='ltr'>varietas</span> <span class='ocrx_word' id='word_1_326' title='bbox 1127 4050 1180 4107; x_wconf 88' lang='lat' dir='ltr'>hoc</span> <span class='ocrx_word' id='word_1_327' title='bbox 1205 4062 1233 4104; x_wconf 91' lang='lat' dir='ltr'>et</span> <span class='ocrx_word' id='word_1_328' title='bbox 1258 4046 1383 4124; x_wconf 77' lang='lat' dir='ltr'>sequente</span> 
     </span>
     <span class='ocr_line' id='line_1_36' title="bbox 355 4122 1383 4194; baseline -0.01 -7"><span class='ocrx_word' id='word_1_329' title='bbox 355 4141 358 4147; x_wconf 80' lang='grc'><em>’</em></span> <span class='ocrx_word' id='word_1_330' title='bbox 395 4128 573 4187; x_wconf 87' lang='lat' dir='ltr'>aliamrerum</span> <span class='ocrx_word' id='word_1_331' title='bbox 581 4126 778 4194; x_wconf 87' lang='lat' dir='ltr'>conditionem,</span> <span class='ocrx_word' id='word_1_332' title='bbox 788 4127 863 4186; x_wconf 90' lang='lat' dir='ltr'>aliud</span> <span class='ocrx_word' id='word_1_333' title='bbox 911 4126 1010 4184; x_wconf 85' lang='lat' dir='ltr'>versu!</span> <span class='ocrx_word' id='word_1_334' title='bbox 1040 4126 1104 4186; x_wconf 91' lang='lat' dir='ltr'>duri</span> <span class='ocrx_word' id='word_1_335' title='bbox 1127 4124 1250 4186; x_wconf 82' lang='lat' dir='ltr'>homines</span> <span class='ocrx_word' id='word_1_336' title='bbox 1274 4142 1290 4181; x_wconf 90' lang='lat' dir='ltr'>e</span> <span class='ocrx_word' id='word_1_337' title='bbox 1314 4122 1383 4179; x_wconf 81' lang='lat' dir='ltr'>dura</span> 
     </span>
     <span class='ocr_line' id='line_1_37' title="bbox 396 4203 1212 4284; baseline 0.004 -23"><span class='ocrx_word' id='word_1_338' title='bbox 396 4221 455 4263; x_wconf 85' lang='lat' dir='ltr'>turn</span> <span class='ocrx_word' id='word_1_339' title='bbox 468 4203 532 4261; x_wconf 89' lang='lat' dir='ltr'>anni</span> <span class='ocrx_word' id='word_1_340' title='bbox 545 4217 658 4281; x_wconf 82' lang='lat' dir='ltr'>ternpus,</span> <span class='ocrx_word' id='word_1_341' title='bbox 672 4203 750 4261; x_wconf 77' lang='lat' dir='ltr'>fuiffe&#39;</span> <span class='ocrx_word' id='word_1_342' title='bbox 759 4220 862 4284; x_wconf 86' lang='lat' dir='ltr'>putem,</span> <span class='ocrx_word' id='word_1_343' title='bbox 904 4219 982 4279; x_wconf 70' lang='lat' dir='ltr'>⁴terra</span> <span class='ocrx_word' id='word_1_344' title='bbox 995 4207 1063 4264; x_wconf 90' lang='lat' dir='ltr'>nati.</span> <span class='ocrx_word' id='word_1_345' title='bbox 1210 4266 1212 4271; x_wconf 76' lang='grc'><strong>,</strong></span> 
     </span>
    </p>

    <p class='ocr_par' dir='ltr' id='par_1_7' title="bbox 395 4273 1388 4743">
     <span class='ocr_line' id='line_1_38' title="bbox 397 4273 1382 4358; baseline -0.01 -19"><span class='ocrx_word' id='word_1_346' title='bbox 397 4300 459 4339; x_wconf 89' lang='lat' dir='ltr'>curn</span> <span class='ocrx_word' id='word_1_347' title='bbox 473 4281 589 4339; x_wconf 81' lang='lat' dir='ltr'>mundus</span> <span class='ocrx_word' id='word_1_348' title='bbox 609 4279 757 4340; x_wconf 86' lang='lat' dir='ltr'>creabatur.</span> <span class='ocrx_word' id='word_1_349' title='bbox 797 4286 863 4358; x_wconf 83' lang='lat'>338.</span> <span class='ocrx_word' id='word_1_350' title='bbox 953 4302 1018 4357; x_wconf 81' lang='lat'>343.</span> <span class='ocrx_word' id='word_1_351' title='bbox 1041 4306 1078 4342; x_wconf 80' lang='lat' dir='ltr'>res</span> <span class='ocrx_word' id='word_1_352' title='bbox 1100 4299 1203 4347; x_wconf 82' lang='lat' dir='ltr'>tenerae,</span> <span class='ocrx_word' id='word_1_353' title='bbox 1223 4294 1293 4335; x_wconf 86' lang='lat' dir='ltr'>nova</span> <span class='ocrx_word' id='word_1_354' title='bbox 1315 4273 1382 4340; x_wconf 85' lang='lat' dir='ltr'>sata,</span> 
     </span>
     <span class='ocr_line' id='line_1_39' title="bbox 399 4350 1383 4442; baseline -0.005 -26"><span class='ocrx_word' id='word_1_355' title='bbox 399 4358 505 4442; x_wconf 63' lang='lat' dir='ltr'>Orbg&#39;sa</span> <span class='ocrx_word' id='word_1_356' title='bbox 523 4356 661 4431; x_wconf 70' lang='lat' dir='ltr'>ebatver,</span> <span class='ocrx_word' id='word_1_357' title='bbox 684 4371 714 4423; x_wconf 82' lang='lat' dir='ltr'>ut</span> <span class='ocrx_word' id='word_1_358' title='bbox 731 4381 806 4437; x_wconf 83' lang='lat' dir='ltr'>agere</span> <span class='ocrx_word' id='word_1_359' title='bbox 808 4364 865 4438; x_wconf 83' lang='lat' dir='ltr'>fes</span> <span class='ocrx_word' id='word_1_360' title='bbox 913 4357 1039 4425; x_wconf 79' lang='lat' dir='ltr'>frondes,</span> <span class='ocrx_word' id='word_1_361' title='bbox 1068 4376 1193 4437; x_wconf 67' lang='lat' dir='ltr'>gemm,</span> <span class='ocrx_word' id='word_1_362' title='bbox 1213 4362 1265 4412; x_wconf 73' lang='lat' dir='ltr'>dtr..</span> <span class='ocrx_word' id='word_1_363' title='bbox 1312 4350 1383 4408; x_wconf 80' lang='lat' dir='ltr'>labo·</span> 
     </span>
     <span class='ocr_line' id='line_1_40' title="bbox 395 4383 1384 4511; baseline -0.01 -17"><span class='ocrx_word' id='word_1_364' title='bbox 395 4451 457 4494; x_wconf 77' lang='lat' dir='ltr'>rum.</span> <span class='ocrx_word' id='word_1_365' title='bbox 489 4383 609 4511; x_wconf 51' lang='lat' dir='ltr'>‘Magnus</span> <span class='ocrx_word' id='word_1_366' title='bbox 620 4451 685 4488; x_wconf 85' lang='lat' dir='ltr'>vero</span> <span class='ocrx_word' id='word_1_367' title='bbox 703 4434 778 4504; x_wconf 74' lang='lat' dir='ltr'>orbis,</span> <span class='ocrx_word' id='word_1_368' title='bbox 795 4460 866 4494; x_wconf 76' lang='lat' dir='ltr'>mun·</span> <span class='ocrx_word' id='word_1_369' title='bbox 914 4458 976 4505; x_wconf 83' lang='lat' dir='ltr'>rem,</span> <span class='ocrx_word' id='word_1_370' title='bbox 995 4436 1055 4495; x_wconf 91' lang='lat' dir='ltr'>scil.</span> <span class='ocrx_word' id='word_1_371' title='bbox 1075 4456 1110 4494; x_wconf 89' lang='lat' dir='ltr'>ex</span> <span class='ocrx_word' id='word_1_372' title='bbox 1133 4434 1278 4509; x_wconf 86' lang='lat' dir='ltr'>frigoreae</span> <span class='ocrx_word' id='word_1_373' title='bbox 1294 4427 1384 4485; x_wconf 83' lang='lat' dir='ltr'>calore</span> 
     </span>
     <span class='ocr_line' id='line_1_41' title="bbox 396 4508 1384 4599; baseline -0.008 -31"><span class='ocrx_word' id='word_1_374' title='bbox 396 4514 451 4578; x_wconf 83' lang='lat' dir='ltr'>dus,</span> <span class='ocrx_word' id='word_1_375' title='bbox 465 4534 560 4592; x_wconf 80' lang='lat' dir='ltr'>magna</span> <span class='ocrx_word' id='word_1_376' title='bbox 572 4526 653 4576; x_wconf 85' lang='lat' dir='ltr'>terra,</span> <span class='ocrx_word' id='word_1_377' title='bbox 666 4525 793 4599; x_wconf 79' lang='lat' dir='ltr'>perpetua</span> <span class='ocrx_word' id='word_1_378' title='bbox 805 4512 866 4570; x_wconf 89' lang='lat' dir='ltr'>sunt</span> <span class='ocrx_word' id='word_1_379' title='bbox 914 4526 1051 4591; x_wconf 89' lang='lat' dir='ltr'>tamquam</span> <span class='ocrx_word' id='word_1_380' title='bbox 1090 4508 1275 4575; x_wconf 80' lang='lat' dir='ltr'>molestiam,¹</span> <span class='ocrx_word' id='word_1_381' title='bbox 1306 4509 1384 4562; x_wconf 68' lang='grc' dir='ltr'><strong>πόνοι.</strong></span> 
     </span>
     <span class='ocr_line' id='line_1_42' title="bbox 398 4582 1385 4671; baseline -0.007 -26"><span class='ocrx_word' id='word_1_382' title='bbox 398 4586 486 4665; x_wconf 68' lang='lat' dir='ltr'>poetis</span> <span class='ocrx_word' id='word_1_383' title='bbox 496 4585 591 4665; x_wconf 81' lang='lat' dir='ltr'>graecis</span> <span class='ocrx_word' id='word_1_384' title='bbox 602 4600 629 4645; x_wconf 84' lang='lat' dir='ltr'>et</span> <span class='ocrx_word' id='word_1_385' title='bbox 642 4586 733 4645; x_wconf 80' lang='lat' dir='ltr'>latinu</span> <span class='ocrx_word' id='word_1_386' title='bbox 743 4611 752 4657; x_wconf 88' lang='lat'>;</span> <span class='ocrx_word' id='word_1_387' title='bbox 772 4607 806 4648; x_wconf 82' lang='lat' dir='ltr'>ex</span> <span class='ocrx_word' id='word_1_388' title='bbox 819 4608 867 4646; x_wconf 87' lang='lat' dir='ltr'>an·</span> <span class='ocrx_word' id='word_1_389' title='bbox 915 4605 991 4647; x_wconf 78' lang='lat' dir='ltr'>tanta</span> <span class='ocrx_word' id='word_1_390' title='bbox 1004 4598 1080 4669; x_wconf 78' lang='lat' dir='ltr'>quies,</span> <span class='ocrx_word' id='word_1_391' title='bbox 1099 4588 1134 4646; x_wconf 91' lang='lat' dir='ltr'>de</span> <span class='ocrx_word' id='word_1_392' title='bbox 1155 4582 1301 4661; x_wconf 85' lang='lat' dir='ltr'>tranquilla</span> <span class='ocrx_word' id='word_1_393' title='bbox 1320 4593 1385 4671; x_wconf 72' lang='lat' dir='ltr'>anni</span> 
     </span>
     <span class='ocr_line' id='line_1_43' title="bbox 409 4662 1388 4743; baseline -0.004 -22"><span class='ocrx_word' id='word_1_394' title='bbox 409 4662 562 4732; x_wconf 27' lang='lat' dir='ltr'>‚Tou-⁴1..</span> <span class='ocrx_word' id='word_1_395' title='bbox 869 4701 871 4705; x_wconf 30' lang='grc' dir='ltr'><strong><em>ι</em></strong></span> <span class='ocrx_word' id='word_1_396' title='bbox 958 4664 986 4723; x_wconf 91' lang='grc' dir='ltr'>Ζ</span> <span class='ocrx_word' id='word_1_397' title='bbox 1245 4676 1388 4743; x_wconf 64' lang='lat' dir='ltr'>temperie,</span> 
     </span>
    </p>
   </div>
   <div class='ocr_carea' id='block_1_6' title="bbox 0 0 1792 5509">
    <p class='ocr_par' dir='ltr' id='par_1_8' title="bbox 0 0 1792 5509">
     <span class='ocr_line' id='line_1_44' title="bbox 0 0 1792 5509; baseline 0 0"><span class='ocrx_word' id='word_1_398' title='bbox 0 0 1792 5509; x_wconf 95' lang='lat' dir='ltr'> </span> 
     </span>
    </p>
   </div>
  </div>
 </body>
</html>
