3575 5509
450 1375 1333 1511 PRAEFATIO

508 1671 737 1778 NOVAE
801 1676 1272 1756 EDITIONIS.

644 1913 1134 1963 m

399 2099 773 2243 Suneruuuun
806 2130 912 2243 nunc
946 2130 1001 2215 'est
1031 2136 1180 2246 paucis,
1209 2139 1304 2248 quid
1338 2141 1381 2223 in

398 2302 502 2355 nova
518 2270 593 2351 hac
615 2270 785 2350 editione
810 2268 956 2379 assequi
983 2271 1186 2353 voluerim.
1244 2250 1391 2359 Primo!

398 2409 561 2521 quidem
603 2406 716 2503 illud,
763 2406 871 2517 quod
899 2407 942 2487 in
972 2409 1102 2516 priore
1135 2413 1379 2523 propofitum

399 2565 492 2640 erat,
522 2541 692 2624 infixum
720 2540 840 2622 habui
872 2543 1021 2638 animo,
1050 2566 1093 2627 ut
1120 2549 1184 2644 iis,
1215 2550 1284 2659 qui
1308 2578 1380 2634 ex-

399 2683 532 2794 emplo
543 2681 657 2761 bonae
669 2679 997 2789 interpretationis
1011 2682 1121 2765 dorni
1130 2684 1381 2768 destitueren-

376 2808 474 2911 tur,
495 2817 682 2919 traderem
701 2815 743 2896 in
762 2845 901 2897 manus
920 2818 1081 2927 poetam
1100 2821 1321 2931 principem
1335 2852 1380 2903 ea

397 2952 724 3058 animadversrone
753 2954 999 3051 instrudium,
1029 2958 1183 3066 quadr
1206 2960 1379 3044 studium

269 3159 272 3163 .
396 3093 640 3188 adhiberent,
669 3091 756 3201 ipsr,
776 3093 838 3174 vel
858 3090 936 3171 fine
955 3094 1154 3203 magistro,
1173 3097 1380 3209 ingenium

396 3236 559 3345 fingere,
602 3229 881 3340 interpretandi
932 3249 1055 3312 artem
1097 3233 1305 3332 addiscere,
1340 3258 1384 3320 et

396 3373 612 3477 multarum
647 3366 871 3474 notionum,
914 3363 1009 3476 fine¹
1029 3367 1174 3477 quibus
1206 3398 1278 3449 nec
1308 3372 1377 3454 alii

272 3566 275 3571 ,
396 3493 597 3617 scriptores
611 3505 716 3583 rene
735 3502 810 3610 legi
841 3500 1012 3611 poffunt,
1043 3506 1200 3616 copiam
1218 3505 1288 3588 fibi
1306 3537 1376 3619 pa-

395 3674 476 3731 rare
494 3637 656 3753 possent.
717 3640 825 3718 Cum
849 3668 965 3749 porro
990 3644 1120 3723 multo
1144 3673 1275 3725 rerum
1306 3647 1378 3731 usu

395 3771 625 3866 didiciffem,
656 3770 757 3851 nihil
774 3770 971 3853 difficilius
1001 3772 1075 3853 effe
1108 3775 1152 3855 in
1179 3775 1377 3887 scriptori·

392 3922 465 4000 bus
485 3912 659 4002 clafficis,
688 3912 870 4022 inprimis
888 3912 1037 4022 po'e'tis,
1060 3915 1375 4022 interpretandis,

394 4045 518 4171 quam
532 4036 610 4131 ¹cum
618 4052 735 4157 βψ
757 4053 996 4156 grammatico
1024 4053 1251 4159 conj‘uniium
1283 4056 1376 4135 reti-

302 4213 309 4231 ·
392 4223 477 4275 nere
481 4191 630 4298 serfirm
644 4188 852 4295 poeticum
881 4206 934 4279 et,
955 4186 1053 4267 dum
1072 4186 1257 4266 sermonis
1281 4217 1376 4296 pro.

391 4334 610 4444 prietatem,
640 4324 825 4406 orationis
845 4324 1062 4404 retexendae
1083 4346 1119 4403 et
1136 4326 1185 4405 ad
1198 4328 1394 4436 logicum·

305 4570 308 4575 ⁴
392 4461 572 4552 ordinem
591 4462 817 4548 revocandae
837 4481 974 4556 artem,
995 4465 1203 4578 multoque
1231 4469 1374 4576 magis,

1221 4666 1223 4670 .
1276 4604 1377 4685 dum
