3575 5509
616 682 691 761 tn
751 680 1144 763 Gssouorcn.
1214 687 1218 701 ·
1312 665 1432 813 ¹97¹

399 918 484 971 nem
509 894 624 970 facere
639 865 781 967 necesse
803 892 874 996 est:
899 893 979 965 aliae
1006 910 1124 965 autem
1148 915 1203 967 res
1229 910 1291 965 aut
1317 915 1383 965 na-

399 1039 478 1094 tura
493 1022 551 1095 sua
562 1039 684 1095 tenues
701 1035 742 1089 en
744 1013 890 1114 jejunae,
906 1031 967 1086 aut
983 1015 1150 1110 opinlone
1164 1011 1329 1102 humiles,
1346 1016 1382 1088 et

399 1142 500 1214 nullo
526 1142 588 1215 suo
605 1142 747 1213 'decore
778 1134 969 1232 infignitael
983 1133 1083 1222 suut;
1108 1159 1195 1230 quas
1223 1137 1250 1209 fi
1276 1136 1382 1233 po'e‘ta

376 1270 486 1345 'cum
506 1286 578 1358 per
606 1260 641 1332 se
672 1277 752 1332 turn
783 1273 1006 1331 ertemarum
1033 1280 1163 1347 rerum,
1199 1260 1380 1360 imprimis

396 1383 661 1481 digressionum,
685 1382 817 1455 uirtute
833 1381 913 1454 satis
935 1406 1059 1454 ornare
1083 1366 1250 1479 potueiit,
1276 1385 1313 1459 in
1337 1359 1381 1462 eo

398 1530 485 1579 vero
508 1507 682 1580 summam
697 1508 851 1605 poiticae
878 1507 1056 1580 facultatis
1081 1526 1117 1579 et
1131 1510 1215 1581 artis
1239 1487 1382 1588 taudem

398 1629 631 1732 consequitur.
683 1629 947 1729 Digreffionum
972 1629 1091 1725 itaque
1115 1631 1158 1704 ad
1180 1634 1380 1710 ornandum

399 1751 600 1851 hujusmodi
614 1776 756 1825 carmen
771 1746 935 1848 inprimis
949 1755 1079 1849 magna
1088 1752 1162 1824 laus
1172 1753 1334 1828 habenda
1345 1761 1377 1833 *.

398 1878 443 1951 In
459 1864 504 1953 iis
518 1855 638 1951 autem
654 1876 801 1974 Virgilii
813 1876 1000 1972 ingenium
1015 1876 1179 1971 inprimis
1191 1902 1380 1952 commen.

399 2000 460 2073 dat
476 1997 556 2087 hoc,
580 1998 678 2095 quod
693 1997 840 2069 consilio
864 2016 900 2072 et
921 1999 1132 2093 argumento
1151 2001 1317 2073 carminis
1341 2026 1381 2075 ea

399 2141 435 2195 et
451 2121 586 2195 dileetu'
600 2138 634 2191 et
650 2137 775 2191 ornatu
793 2118 1061 2226 accommodata
1088 2121 1179 2195 sunt.
1228 2122 1292 2195 Est
1308 2125 1381 2196 uti-

400 2271 470 2344 que
508 2246 544 2319 in
586 2245 631 2317 iis
667 2244 849 2317 liberalior
887 2263 1179 2331 ornamentorum
1222 2249 1381 2337 materla,
1459 2215 1471 2228 ο

400 2365 582 2464 majorque
614 2365 788 2462 splendor,
829 2392 895 2465 pro
929 2366 1048 2438 indole
1088 2385 1205 2440 tamen
1239 2386 1275 2441 et
1316 2374 1382 2442 na-'

399 2509 478 2563 tura
507 2489 701 2573 carminis;
736 2516 789 2563 ars
830 2511 971 2586 quoque
1012 2489 1164 2564 mirifica
1206 2493 1242 2565 in
1269 2490 1381 2591 junc-

398 2632 478 2692 tura
501 2615 630 2692 horum
655 2614 828 2701 locorum,
853 2613 948 2685 etin
977 2611 1120 2684 transitu
1149 2600 1335 2711 redituque
1360 2641 1383 2688 a
1482 2597 1491 2616 ’

399 2725 606 2831 digreffione
630 2736 675 2807 ad
691 2735 990 2846 praeceptio'nem;
1015 2757 1136 2828 porro*
1150 2734 1186 2806 in
1210 2741 1381 2837 praecipi.

398 2858 482 2931 endi
502 2857 662 2930 formulis
687 2858 912 2954 mitificaque
932 2881 1052 2928 earum
1072 2856 1255 2945 varietate,·
1272 2851 1383 2955 quain

318 2979 321 2985 ’
398 3010 529 3082 magna
544 3009 589 3056 ex
603 3005 701 3081 parte
710 2986 822 3059 Arato
839 3002 873 3056 et
885 2961 1070 3054 Nicandro
1080 2979 1214 3053 debere
1227 3007 1310 3055 eum
1325 2984 1383 3058 vi-

397 3104 588 3176 debimus:
614 3106 746 3201 quibus
769 3091 871 3176 rebus
905 3099 1070 3173 efficitur.
1087 3097 1273 3174 delectatio
1306 3105 1382 3203 illa,

398 3249 505 3321 quam
523 3224 627 3321 poita
642 3226 707 3298 fibi
724 3226 853 3297 habere
868 3224 975 3297 debet
989 3220 1240 3326 propofitam.‘
1265 3243 1269 3249 ·
1369 3279 1373 3286 .

449 3351 569 3445 Atque
585 3354 663 3422 haec
681 3349 742 3421 illa
756 3348 847 3435 sunt,
871 3345 1042 3442 aquibus
1059 3343 1202 3441 Virgilii
1229 3340 1383 3434 laussia

393 3470 535 3570 judicio
572 3472 692 3567 aliquo
722 3470 884 3567 'profesta
907 3467 1035 3540 -videri
1067 3467 1185 3555 debet,
1218 3468 1383 3564 inprimis

399 3592 589 3688 repetenda
616 3593 676 3665 est.
728 3592 791 3664 Est
825 3594 852 3664 is
882 3587 1046 3689 proprius
1072 3589 1168 3685 quast
1192 3589 1381 3687 Virgiliani
1484 3674 1486 3679 ,

398 3714 567 3812 carminis
588 3712 778 3801 character,
801 3730 852 3822 ut,
877 3711 904 3791 st
930 3712 1116 3809 ingenium
1139 3687 1381 3794 Homericum

437 3940 455 3971 ⁴*
476 3935 662 4016 Repreltendit
674 3936 756 3996 etiam
767 3935 826 4006 has,
839 3950 867 3996 et
914 3936 1021 3998 nullum
1039 3954 1106 3994 vero
1162 3936 1240 3995 dticae
1259 3937 1303 3996 seu
1316 3937 1384 3997 attia

397 4017 521 4075 transitus
531 4014 615 4072 adeas
626 4029 762 4092 tamquam
772 4033 868 4091 parum
914 4013 958 4071 seu
983 4013 1102 4072 scientiae
1133 4013 1237 4080 ensum,
1266 4013 1296 4072 in
1328 4015 1382 4072 hoc

394 4109 575 4172 opportunos,
596 4093 715 4150 Homius
728 4093 821 4171 (Effay
839 4098 875 4169 ff
914 4090 1028 4167 aliisque
1046 4089 1159 4166 judiciis
1179 4090 1383 4162 adhibuiffexi·

398 4176 521 4247 Criricism
534 4172 718 4247 cap.1extr.).
735 4168 787 4225 Sed
799 4188 864 4232 con·
913 4166 1008 4239 detur.¹
1025 4166 1182 4243 Disputavit
1190 4168 1314 4224 adversus
1320 4184 1384 4225 eum

397 4248 473 4308 sudit
491 4246 543 4304 Vir
556 4247 601 4304 lll.
616 4266 716 4336 genera
734 4244 865 4306 orationis
894 4273 897 4278 ·
914 4244 1295 4323 perdosieJo.Jac.Netzker,
1306 4241 1383 4307 Prof,

395 4339 424 4393 pt
444 4321 598 4405 scriptionis
617 4338 689 4382 mter
703 4323 729 4381 se
742 4320 864 4381 diversis-
915 4318 1383 4396 GymnafiiThorunenfis,inCom-

396 4403 472 4470 sima,
484 4409 486 4413 '
496 4399 690 4477 majoremque,
711 4420 792 4478 quam
814 4418 865 4478 pro
915 4398 1080 4458 mentatione
1093 4400 1122 4456 de
1137 4397 1308 4476 Georgicorum
1323 4399 1384 4457 Vir·

396 4479 509 4561 poetica
532 4476 650 4549 ratione,
676 4468 865 4549 subtilitatem,
910 4477 972 4560 gilii
980 4476 1060 4538 lucido
1075 4476 1167 4535 ordine.

1345 4574 1384 4655 in
