3575 5509
578 679 658 757 sn
708 673 1114 771 essarrorrercn.¹
1303 688 1414 752 201'

393 884 564 992 perimus,
588 881 633 968 ab
655 881 725 956 illis
742 882 848 953 redrae
866 897 903 950 er
917 876 1097 976 jucundae'
1111 875 1197 947 vitae
1212 874 1280 947 'usu
1304 877 1377 948 im.

394 1009 542 1107 pertitos
558 1032 621 1082 nos
648 1005 713 1078 else
729 1004 923 1087 fateamur;
950 1006 1018 1074 hoc
1047 1005 1083 1074 in
1099 1004 1180 1090 illis,
1204 1024 1285 1100 quae
1296 1003 1376 1101 jam
1398 1001 1401 1011 ’

395 1139 442 1211 ab
459 1139 536 1210 aliis
552 1136 689 1233 prolata
705 1150 816 1220 erant,
842 1131 1001 1204 accidere
1021 1129 1155 1219 videas,
1176 1123 1216 1202 ut
1231 1156 1276 1202 ex
1295 1130 1377 1202 Vir-

384 1259 476 1361 ,gilii
500 1259 646 1354 ingenio
677 1256 794 1334 multo
820 1254 956 1330 felicius
981 1251 1197 1343 enascantur,
1223 1272 1269 1325 >et
1294 1256 1398 1351 pul..-

395 1382 516 1454 ehrius
531 1380 765 1464 efflorescant;
790 1396 842 1464 ut,
866 1378 891 1448 sr
910 1402 1034 1454 canon
1054 1375 1223 1469 novitate,
1246 1375 1283 1453 at
1294 1390 1378 1479 gra-

395 1505 447 1583 ‚tia
468 1524 600 1594 tamen,
623 1506 809 1604 dignitate,
841 1506 1030 1592 venustate,
1056 1507 1166 1577 miros
1189 1508 1300 1579 animi
1323 1510 1379 1580 af.

397 1626 509 1704 sessus
538 1652 713 1718 moveant,
747 1600 945 1727 magnadue
970 1629 1205 1702 admiratione
1231 1630 1380 1726 persun„

395 1750 496 1826 dant.
548 1753 632 1854 Qa
648 1756 684 1826 in
706 1777 744 1826 re
766 1753 857 1826 milri
878 1754 1026 1850 quidem
1049 1754 1084 1825 in
1107 1754 1202 1850 podfi
1225 1755 1379 1827 eundem

398 1874 519 1953 locum
547 1878 637 1949 tueri
665 1877 805 1949 videtur
828 1878 1011 1973 Virgilius,
1039 1900 1148 1973 quem
1183 1877 1310 1949 Cicero
1342 1879 1381 1950 in

398 1996 611 2093 eloquentia.
668 2000 767 2072 Nam
789 2018 825 2072 et
845 1999 950 2096 hujus
976 1996 1172 2096 ingenium,
1204 2001 1300 2096 quod
1323 2006 1380 2099 ip-

398 2118 477 2199 sum
494 2144 558 2214 per
575 2121 609 2192 se
631 2146 703 2193 non
719 2121 822 2193 facile
842 2122 1007 2217 praeclari
1035 2120 1170 2217 aliquid
1195 2123 1393 2220 proferret,

399 2241 439 2318 in
455 2244 619 2316 ornandis
636 2263 672 2316 et
688 2244 949 2340 amplificandis
964 2245 1116 2317 aliorum
1134 2245 1299 2335 inventis,
1324 2248 1382 2320 in.

402 2363 528 2457 primis
556 2365 594 2441 in
621 2366 808 2443 vestiendis
832 2364 990 2441 oratione
1020 2364 1148 2438 Lat-ina
1171 2366 1382 2444 Graecorum

402 2485 518 2575 dietis,
533 2489 676 2567 eximiae
693 2489 871 2563 felicitatis
887 2507 923 2561 et
939 2488 1023 2561 artis
1034 2488 1121 2565 suit,
1154 2490 1297 2585 ltaque
1313 2493 1390 2563 hoe

402 2609 448 2689 in⁴
455 2633 585 2704 genere
601 2611 805 2709 Virgilium,
829 2613 1015 2710 poetarum
1034 2615 1243 2688 Ciceronem
1258 2617 1384 2713 appel-

402 2731 474 2806 lare
490 2757 746 2832 nonnunquam
767 2737 877 2809 lubet.
928 2738 993 2810 Illa
1010 2755 1129 2810 autem
1147 2739 1280 2834 ingenii
1298 2740 1384 2811 Ma-

403 2853 539 2929 roniani
557 2858 699 2952 propria
714 2859 871 2932 venustas
888 2859 924 2930 in
941 2859 1040 2931 nullo
1054 2858 1127 2957 ejus
1144 2883 1252 2953 opere
1269 2862 1384 2958 magis

404 2979 639 3075 cognoscitur,
662 3006 782 3079 quam·
796 2983 832 3054 in
851 2982 1052 3081 Georgicis,
1075 2984 1241 3056 omnibus
1258 3007 1387 3055 nume-

403 3101 451 3182 ris
467 3102 638 3193 absoluto,
663 3107 820 3203 persedo
836 3125 871 3182 et
896 3107 1064 3204 expolito,
1088 3107 1256 3192 carmine,
1279 3126 1331 3193 ut,
1359 3106 1390 3183 fi

404 3227 443 3307 in
460 3232 877 3328 nostra-interpretatione
894 3232 963 3305 hoc
980 3230 1151 3329 assequuti
1168 3229 1299 3317 sumus,
1322 3252 1387 3300 nos

407 3355 504 3432 enim
517 3356 553 3428 id
567 3359 733 3453 'sequutos
749 3357 816 3438 else
834 3383 906 3430 non
920 3381 1104 3456 negamus,
1130 3376 1169 3430 ut
1185 3384 1255 3434 non
1279 3339 1389 3430 modo
1466 3437 1468 3444 ¹

407 3477 598 3569 verborum
630 3507 671 3555 ac
694 3483 947 3558 sententiarum
977 3484 1052 3557 vim
1082 3484 1389 3570 declaraverimus,

407 3604 657 3704 verumetiam
682 3606 846 3679 carminis
863 3606 1181 3702 pulchritudinem,
1206 3607 1390 3702 inprimis.

408 3748 479 3819 que
493 3746 657 3799 ornatum
673 3728 826 3830 senfibus
843 3746 877 3806 et
893 3730 1006 3804 oculis
1023 3730 1284 3805 adolescentum
1306 3731 1390 3804 snb.

402 3843 607 3954 jecerimus,
625 3873 687 3921 nos
710 3874 858 3946 operam
869 3850 1032 3922 nostram
1049 3875 1121 3923 non
1138 3855 1285 3930 omnino
1296 3857 1391 3930 male

408 3970 592 4055 collocasse
608 3976 810 4063 arbitraturi
823 3977 943 4053 sarnus,

458 4093 516 4175 Ex
529 4096 584 4184 iis,
599 4122 681 4194 quae
698 4101 815 4182 adhuc
827 4098 1004 4195 disputata
1015 4100 1105 4188 sunt,
1122 4126 1294 4197 nuperum
1306 4124 1393 4201 een*

410 4213 526 4288 suram
544 4217 820 4318 Georgicorum,
845 4247 952 4319 quam
977 4223 1190 4300 Edmundus
1207 4224 1396 4309 Burtonus,

409 4338 598 4429 Britannus
615 4370 686 4418 non
702 4349 864 4446 indodlus
882 4372 946 4420 nec
960 4349 1151 4445 inelegans,
1167 4348 1353 4443 proposuit
1364 4354 1396 4435 *,

410 4467 455 4550 ab
480 4468 782 4582 judicio-parum
815 4476 936 4552 subtili
973 4495 1009 4548 et
1042 4477 1169 4555 limato
1197 4474 1406 4569 prosedam,

467 4627 485 4679 ἲ
499 4600 759 4706 .dnc1?nlchara5err
771 4639 952 4718 deducedfrom
964 4637 1004 4698 cla
1021 4637 1076 4699 real
1084 4638 1202 4732 Remulus
1218 4639 1271 4723 116
1273 4658 1302 4715 3.
1316 4639 1343 4695 8.

1292 4752 1399 4832 facile
