3575 5509
393 688 485 769 vm
576 743 579 752 .
681 650 1101 773 rnAErnrro
1144 672 1146 675 ’

301 905 303 909 ⁴
395 909 529 1011 Qam
542 903 808 1011 ‘interpretum
829 904 904 986 five
923 904 1130 987 sollertiam
1149 887 1226 988 sive
1242 903 1379 992 indus·

389 1048 510 1127 triam
527 1072 619 1161 cum
638 1040 738 1151 saepe
757 1045 799 1123 in
823 1045 965 1153 puerili
992 1044 1159 1125 lectione
1188 1042 1379 1126 desidera·

311 1165 325 1197 ⁵
356 1279 372 1295 .
394 1181 486 1280 rim,
513 1185 690 1285 *aliorum*
701 1185 803 1267 votis
820 1183 1013 1264 srmilibus
1040 1182 1130 1265 satis
1157 1181 1280 1266 facere
1302 1177 1403 1271 ho'c¹

393 1324 569 1406 instituto
587 1323 708 1403 volui.
767 1321 1028 1430 Qramquam
1055 1322 1163 1400 enim
1188 1321 1256 1401 illa
1282 1318 1381 1399 ratio

392 1462 525 1571 paullo
558 1459 648 1568 plus
679 1458 917 1539 difficultatis
949 1459 992 1536 in
1022 1455 1060 1535 se
1093 1456 1225 1551 habet,
1258 1469 1380 1567 qu'am

393 1599 620 1709 promittere
638 1595 808 1689 videtur,
840 1591 918 1673 fine
946 1591 1380 1701 tali'tameninterpre-

396 1735 552 1815 tationis
585 1761 724 1842 genere
758 1731 828 1810 vix
864 1730 969 1809 ullus
1002 1758 1114 1809 verus
1146 1726 1296 1809 fructus
1330 1726 1380 1808 ad

361 1844 363 1848 ⁷
395 1871 627 1981 elegantiam
652 1887 689 1948 et
718 1864 866 1975 ingenii
885 1865 1189 1973 perpolitionem
1208 1882 1274 1945 aut
1292 1890 1380 1945 ora-

394 2003 512 2085 tionis
539 2004 834 2086 exornationem
861 2029 911 2082 ex
942 2000 1071 2111 poetae
1099 2001 1267 2083 lectione
1291 2001 1406 2111 capi.
1437 2013 1453 2054 ⁹

288 2208 290 2213 ,
393 2143 534 2256 potest.
578 2169 586 2182 ·
673 2180 675 2185 ⁴
1063 2141 1065 2146 ’
1208 2148 1211 2155 ’

341 2360 343 2364 ,
441 2284 573 2379 ,Poeta
600 2280 680 2390 ipse
707 2310 757 2361 ex
783 2282 999 2362 Burmanni
1026 2269 1258 2373 recensione,
1283 2304 1379 2388 'quae

251 2437 254 2444 '
312 2438 314 2442 ·
396 2397 652 2496 Heinfianam
679 2417 865 2527 sequitur,
893 2419 1008 2497 unice
1035 2414 1231 2525 expressus
1258 2416 1348 2494 est*
1360 2453 1376 2507 ς

395 2577 467 2630 nec
476 2552 689 2659 quicquam
697 2551 738 2630 in
750 2570 936 2631 contextu
949 2570 1146 2653 mutatum
1152 2586 1166 2642 3
1182 2547 1377 2659 nonquod

335 2727 339 2734 ·
372 2737 375 2743 ·
396 2718 477 2781 non
496 2689 621 2769 multa
633 2691 779 2770 lucain
799 2675 968 2799 Virgilio
988 2688 1115 2794 adhuc
1138 2710 1203 2769 aut
1232 2687 1384 2770 mendo
1435 2701 1437 2704 ’

370 2901 373 2909 .
396 2844 461 2912 aut
481 2826 614 2906 mendi
625 2819 849 2938 'suspicione
866 2824 1292 2927 laborare-existimem,
1308 2853 1377 2904 ve-

387 2991 482 3046 rum
501 2967 689 3074 quoniam
708 2969 909 3062 innovatio
936 2969 1065 3047 omnis
1094 2968 1136 3047 in
1146 2966 1271 3048 textu
1296 2993 1376 3046 non

270 3208 273 3213 ι
396 3101 738 3210 modopericuliet
750 3105 1001 3187 dubitationis
1012 3103 1128 3185 habet
1140 3106 1407 3213 plurimum,-

316 3222 318 3227 ¹
395 3240 673 3331 verumetiam,
685 3241 782 3324 dum
796 3238 957 3320 subinde
970 3267 1071 3321 nova
1090 3218 1376 3348 exemplarium

394 3358 648 3480 discrepantia
666 3372 914 3490 interranea
936 3402 995 3454 res
1016 3376 1105 3483 plus
1131 3373 1319 3455 molestiae
1337 3391 1375 3453 et

395 3504 502 3594 taedii
516 3535 637 3618 quam
651 3506 801 3590 fruetus
818 3528 855 3589 et
870 3509 1048 3591 utilitatis
1067 3507 1178 3589 affert
1185 3546 1199 3601 3
1218 3530 1262 3589 ut
1279 3507 1377 3590 adeo

285 3682 291 3687 ·“
385 3669 445 3749 ex
460 3672 540 3752 quo
557 3644 676 3724 lectio
694 3643 854 3756 alicujus
874 3646 1069 3757 scriptoris
1087 3645 1204 3728 semel
1229 3645 1304 3729 suit
1326 3646 1376 3728 ad

343 3865 345 3869 ,
395 3780 586 3861 codicum,
603 3781 724 3862 sidem
748 3769 920 3897 accurate
949 3784 1048 3884 satis¹
1066 3786 1285 3878 constituta,
1314 3814 1373 3879 ea,

394 3950 486 4031 quae
506 3920 582 4001 five
605 3924 752 4031 ingenii
779 3926 958 4007 acumine
988 3925 1064 4039 sive
1089 3925 1273 4040 codicum
1298 3952 1374 4033 ope

393 4046 536 4141 mutari
550 4059 708 4168 possint,
724 4060 795 4140 nisi
807 4061 931 4171 ipsam
942 4059 1137 4171 scriptoris
1148 4057 1390 4144 sententiam
1470 4137 1472 4141 Α

391 4195 577 4290 afficiant,
604 4198 707 4278 notis
726 4210 764 4278 et
781 4172 1116 4284 observationibus
1134 4196 1273 4315 servari
1288 4227 1375 4277 ma-

392 4330 480 4420 lim.
530 4333 677 4431 Nullus
690 4363 808 4443 porro
818 4336 915 4440 aliur
926 4334 1039 4415 facile
1051 4342 1241 4445 po'e'taaut
1251 4331 1374 4445 scrip·
1450 4381 1453 4386 ’

667 4519 692 4553 *'
706 4493 745 4578 In'
746 4532 833 4601 prima
845 4522 949 4587 scilicet
961 4522 1094 4594 editione.
1153 4555 1157 4562 ·
1292 4479 1294 4481 -

1075 4655 1078 4660 ’
1313 4630 1381 4698 lor
