3575 5509
512 685 624 777 PER
658 701 860 778 ANNOS
893 700 959 778 DI
974 704 1186 783 GESTA.
1266 739 1393 792 centn

404 892 468 971 quis
493 890 541 951 ille
567 892 703 971 Virgilius
726 892 829 960 fuerit3
861 911 927 952 nam
951 892 1209 955 Grammaticorum
1233 907 1393 960 commenta

403 982 541 1134 :pdp‘lergda
552 1002 606 1042 non
619 982 689 1043 sunt.
713 983 742 1042 ν’.
756 984 876 1067 Argum.
888 985 951 1045 Ecl.
963 983 1020 1051 VI,
1033 983 1072 1044 cl.
1083 986 1193 1054 Mation
1199 988 1269 1058 Vita
1276 990 1392 1066 Horatii

796 1188 848 1261 U.
872 1188 913 1259 C.
937 1209 1020 1284 731.
1077 1148 1079 1151 .

406 1311 514 1409 Cesar
535 1315 696 1410 Augustas
719 1319 784 1389 XI.
836 1314 879 1387 A.
912 1314 1080 1389 Terentius
1103 1318 1205 1389 Varro
1232 1301 1385 1403 Murena

649 1424 812 1518 steffiCn.
835 1423 1028 1519 Calpurnius
1052 1427 1139 1521 Piso.

633 1584 664 1631 a.
689 1561 724 1632 C.
757 1580 814 1654 23.
884 1564 1014 1657 Virgilii
1033 1568 1189 1657 47—48.

444 1690 578 1769 Angustus
596 1690 706 1770 egrnvi
727 1691 826 1751 morbo
851 1693 968 1752 Antonii
986 1693 1075 1753 Musae
1092 1714 1174 1774 opera
1198 1695 1388 1758 convalescens
1510 1733 1514 1748 ·

402 1778 516 1837 semestri
543 1781 629 1859 spatio
650 1780 791 1857 interjetio
813 1779 858 1849 M.
879 1782 1045 1840 Marcellum
1075 1781 1176 1842 sororis
1204 1786 1304 1855 filiurn,
1323 1806 1388 1847 cum

399 1867 558 1928 aedilitatem
579 1890 650 1929 anno
675 1868 811 1947 superiore
833 1867 997 1947 suscepiliet,
1028 1884 1056 1929 et
1078 1870 1201 1950 Augusto
1224 1875 1309 1952 vulgo
1333 1874 1386 1933 im-

397 1956 469 2033 perii
483 1956 560 2015 heres
575 1957 765 2021 destinaretur,
785 1975 801 2012 e
821 1957 919 2013 morbo
939 1957 1070 2015 decedere
1082 1958 1169 2017 videt.
1208 1958 1309 2018 Gravis
1321 1976 1386 2022 tunc

401 2045 488 2102 totins
511 2046 606 2122 populi
627 2047 723 2103 lulius.
764 2041 820 2101 Dio
842 2042 923 2112 LIII,
938 2063 993 2128 βο.
1034 2044 1173 2123 Virgilius
1191 2048 1249 2124 ejus
1273 2064 1387 2109 mortem

400 2132 592 2210 pulcherrimis
610 2132 727 2191 versibus
749 2144 828 2188 ornat
851 2131 917 2198 AEn.
944 2131 1000 2201 VI,
1021 2135 1183 2213 861-887.
1222 2136 1266 2194 De
1287 2138 1387 2213 quibus

400 2220 523 2277 uentibus
542 2220 617 2279 ledis
636 2235 663 2277 et
683 2219 758 2277 lauta
780 2219 997 2278 remuneratione
1017 2221 1159 2283 honestatis
1170 2243 1197 2288 r,
1211 2224 1269 2302 lup.
1284 2222 1388 2285 Donat.

397 2306 430 2384 ὗ.
445 2330 492 2386 47.
534 2308 578 2367 De
602 2305 647 2367 M.
662 2307 798 2369 Marcello
815 2322 843 2365 et
862 2308 920 2382 ejus
938 2310 1068 2370 numo'v.
1091 2308 1233 2370 Fortunati
1252 2315 1387 2373 Mandelli

347 2463 350 2474 Ι
402 2395 634 2455 Commentariutn
649 2397 678 2454 in
689 2399 789 2457 Nuava
801 2395 924 2455 Raccolta
934 2399 956 2455 d
958 2396 967 2419 '
978 2400 1070 2476 Opnsc.
1072 2403 1165 2474 scient.
1180 2402 1213 2458 i.
1228 2402 1299 2460 XII.
1340 2400 1386 2461 Est

400 2481 545 2551 intramus,
563 2505 579 2543 e
591 2484 689 2543 Museo
703 2483 816 2555 Nani03
836 2503 872 2541 an
885 2487 1011 2550 tamenin
1030 2486 1065 2544 ad
1079 2486 1243 2547 Marcellum
1267 2490 1386 2548 nostrum

400 2570 511 2647 speitet‚
530 2593 585 2631 non
598 2574 688 2633 minus
704 2573 813 2642 dubita,
830 2592 912 2652 quam
933 2576 968 2631 de
986 2576 1072 2634 altero
1085 2596 1182 2647 numo,
1202 2598 1284 2656 quem
1298 2577 1382 2657 Sparn-

402 2661 475 2719 hem.
495 2663 581 2723 Tum.
592 2664 635 2733 II,
648 2686 677 2743 p.
693 2667 748 2739 316
760 2678 787 2721 et
800 2662 865 2722 hinc
878 2662 927 2721 alii
939 2665 1095 2735 exhibuere,

441 2749 567 2811 iiridates
588 2758 648 2830 ipse,
682 2777 701 2810 a
724 2754 841 2811 Phraate
864 2776 928 2810 vero
957 2754 1048 2833 legati,
1070 2757 1294 2832 eontroverstarum
1314 2763 1382 2833 saa

401 2863 456 2899 rum
479 2845 562 2919 caiffa
579 2843 685 2899 Romam
704 2863 807 2897 venere.
850 2840 951 2917 Quibus
972 2850 999 2897 in
1011 2847 1129 2916 senatum
1155 2849 1311 2913 introdneiir,
1329 2870 1384 2906 cura

395 2930 508 3008 Augusta
538 2932 628 3007 canffae
656 2932 759 3009 cognitio
783 2930 882 2990 decreta
901 2932 967 3006 estet,
990 2929 1128 2988 Tiridatem
1155 2933 1271 2989 Phraata·
1291 2957 1385 3011 neqna-

393 3040 474 3094 ,qaam
488 3023 607 3092 tradidit,
617 3019 704 3094 filium
726 3034 812 3075 tamen
836 3017 973 3085 Phraatis,
994 3042 1065 3097 quem
1088 3029 1115 3077 in
1129 3026 1247 3097 potestate
1259 3028 1314 3097 sna
1335 3024 1385 3089 ha,-

397 3106 484 3176 bebai,
499 3118 575 3186 patri
591 3108 680 3183 remfit
698 3107 747 3166 hac
766 3106 830 3186 lege,
849 3121 877 3163 ut
885 3122 934 3181 pro
945 3129 971 3162 eo
982 3110 1224 3186 captivosfignaqne
1248 3109 1382 3181 militaria,

399 3196 486 3271 Croffi
508 3213 532 3255 et
557 3199 663 3254 Antonii
684 3194 795 3253 cladibus
832 3198 932 3271 amffz,
969 3204 1091 3271 reciperet.
1146 3195 1204 3253 Dio
1228 3195 1308 3265 LIII,
1336 3219 1384 3274 33.

401 3284 457 3343 Res
481 3301 572 3344 tamen
593 3304 649 3342 non
672 3282 788 3362 perfeiin
814 3296 877 3340 ante
899 3302 999 3339 annum
1017 3302 1084 3360 734.
1125 3286 1172 3341 Ad
1194 3286 1246 3342 hoc
1269 3286 1385 3364 Augusti

398 3376 572 3453 postulatum,
590 3392 646 3450 quo
659 3385 758 3449 negato
770 3370 872 3429 bellum
886 3370 917 3428 in
929 3369 1043 3429 Parthos
1056 3369 1206 3449 susceptum
1219 3373 1254 3430 iri
1268 3373 1384 3451 suspicio

399 3478 467 3531 erat,
487 3449 623 3541 respenille
647 3461 767 3519 creditur
795 3457 930 3537 Virgilius
955 3460 1020 3523 AEn.
1051 3459 1119 3529 Vll,
1149 3460 1218 3540 605,
1237 3462 1295 3522 606
1319 3464 1383 3523 Sr've

400 3552 471 3607 Getis
490 3556 582 3627 inferre
600 3572 678 3606 mann
690 3546 844 3605 lacrimabile
855 3546 947 3624 ¹bellurn
959 3549 1119 3625 Hyrcaniae
1132 3548 1263 3626 Arabisve
1270 3566 1382 3625 parant,

389 3644 440 3717 seu
459 3641 555 3695 tendere
570 3640 608 3694 ad
627 3638 702 3694 Indos
720 3637 896 3713 Auroramque
903 3637 987 3712 sequi,
1008 3636 1162 3713 Parthosque
1172 3644 1288 3715 reposcere
1290 3640 1381 3717 figna.

398 3725 529 3782 Addebat
549 3725 647 3781 Ruaeus
669 3724 717 3781 sub
736 3724 764 3780 h.
777 3742 804 3781 a.
844 3722 970 3799 “Igitur
992 3722 1070 3780 annis
1091 3722 1180 3781 minus
1200 3739 1316 3801 quatuor
1335 3728 1382 3784 sex

397 3817 456 3873 iere
480 3816 590 3873 ultimos
613 3813 701 3891 operis
723 3812 808 3870 libros
826 3818 910 3890 poita
922 3812 1055 3889 perfecit}
1076 3833 1128 3871 nec
1140 3834 1205 3873 vero
1218 3829 1291 3872 tanta
1304 3815 1333 3873 in
1348 3818 1383 3874 iis

395 3906 496 3973 elucet,
515 3918 615 3982 qunnta
635 3901 665 3959 in
678 3899 873 3979 superioribus,
893 3904 991 3959 cura.”
1030 3899 1088 3956 Vix
1102 3919 1174 3958 curae
1186 3922 1217 3959 ac
1228 3902 1381 3980 diligentia

394 3992 532 4049 descitum
552 3990 582 4047 in
606 3987 751 4048 novistimis
771 3985 849 4045 libris
867 3985 996 4047 odoratus
1012 3988 1073 4047 effer
1090 3987 1179 4048 bonus
1198 3989 1309 4058 Rnaeun,
1328 3992 1377 4049 nisi

397 4078 427 4137 id
437 4080 495 4155 jam
506 4079 617 4139 aliunde
629 4078 664 4138 stc
677 4091 815 4137 narratum
828 4075 978 4155 accepisset.
995 4097 1023 4136 v.
1034 4076 1177 4138 Mouitum
1198 4078 1234 4138 ad
1245 4079 1295 4139 lib.
1319 4078 1379 4157 Vll

397 4185 441 4267 f..
