3575 5509
395 710 471 801 §64
656 701 1124 780 EXCUR·SU811·;

398 944 442 990 tat
455 932 539 1011 podta
558 930 662 988 vallam
683 930 807 1009 aliquam
823 928 872 988 sub
895 941 971 987 terra
991 904 1150 994 revomant,
1169 912 1267 1004 equa
1294 909 1395 985 omnia
1425 927 1428 929 ’

398 1036 511 1097 {lumina
523 1051 586 1098 otta
603 1036 717 1097 divetis
741 1036 795 1098 riis
809 1036 845 1105 ad
865 1049 946 1095 terrae
964 1034 1135 1113 superficiem
1153 1017 1320 1113 properent,
1341 1017 1395 1091 uhi

396 1145 444 1205 illa
457 1142 504 1205 suo
518 1144 649 1223 quodque
663 1143 742 1202 fonte
756 1163 791 1201 ex
805 1157 878 1200 terra
892 1140 1039 1219 prodeant.
1082 1128 1264 1197 Adumbrata'
1273 1126 1392 1195 sereret
1424 1127 1431 1138 “

395 1248 434 1309 ad
447 1269 509 1308 eam
523 1247 653 1327 speciem,
674 1246 771 1324 quain
788 1243 856 1305 lotia
872 1243 974 1307 ⁴inferio
993 1242 1081 1321 polita
1093 1254 1241 1300 narrantur
1260 1261 1308 1307 ea,
1327 1238 1392 1319 qaae

396 1356 479 1433 supra
491 1369 594 1418 terram
606 1353 676 1419 sunt,
697 1365 727 1411 ιιι
739 1352 807 1418 luci,
827 1332 959 1411 flumina:
991 1369 1019 1407 v.
1030 1369 1057 1407 c.
1070 1346 1158 1405 Ovid.
1173 1347 1253 1405 Met.
1269 1347 1297 1413 1,
1321 1350 1390 1424 189.

366 1507 369 1513 .
397 1458 605 1541 valen-Flauo.
617 1456 676 1521 Ill,
697 1473 752 1531 40²
767 1453 838 1533 sqq„
859 1468 908 1512 aut
919 1449 1155 1531 quemadmodum
1167 1450 1281 1525 seyne:
1292 1448 1392 1506 Ache·

280 1596 283 1605 ·
397 1580 449 1621 ron
462 1579 499 1619 ex
510 1549 606 1616 inferis
621 1569 770 1634 emergunt
781 1572 809 1614 et
821 1556 904 1635 supra
918 1570 1021 1614 terram
1035 1554 1090 1613 sese
1103 1553 1260 1614 effundunt.
1302 1554 1391 1613 Com·
1437 1606 1440 1609 e

396 1654 490 1742 parari
512 1661 601 1739 potest
619 1641 739 1739 priscum
758 1658 827 1721 illud
847 1661 1058 1741 philosophema
1081 1660 1118 1720 de
1136 1646 1241 1741 magna
1253 1660 1285 1719 in
1307 1647 1391 1721 terrae

396 1763 546 1823 visceribus
568 1763 662 1841 abysso
683 1778 712 1822 et
725 1782 859 1841 aquarum
872 1766 1068 1844 receptaculo:
1101 1764 1137 1823 de
1160 1784 1218 1843 quo
1238 1749 1390 1824 seeundum

364 1855 377 1890 ·'
397 1870 570 1950 antiquiores
586 1872 667 1930 ιιιιο
680 1869 831 1949 disputavit
844 1870 874 1929 tn
897 1872 1034 1931 rnaeaone
1050 1861 1137 1930 nom.
1153 1872 1181 1938 1,
1200 1892 1232 1949 pt
1248 1888 1302 1928 ιη
1320 1867 1393 1948 (nn'

396 1990 477 2055 pont.
488 1996 518 2054 p.
534 1996 589 2056 25³
602 1976 660 2054 sq.)
684 1991 713 2034 et
725 1990 823 2035 eontra
837 1996 901 2034 eum
918 1977 1080 2036 Aristoteles
1092 1975 1286 2053 Meteorolog.
1300 1976 1344 2042 11,
1358 1995 1390 2043 z,
1428 1970 1430 1973 ’

397 2099 429 2158 p.
445 2098 513 2158 779,
534 2078 569 2137 B.
579 2078 617 2136 C.
627 2075 665 2135 du
677 2076 767 2143 vall,
786 2077 831 2135 cui
853 2076 942 2135 inniti·
956 2094 1025 2156 puto
1047 2072 1235 2138 narrationem
1247 2079 1324 2157 apud
1338 2082 1392 2139 Se·

398 2204 462 2245 nec.
474 2185 543 2244 Nat.
555 2187 613 2264 Q.
625 2186 665 2251 V,
689 2202 721 2264 ις
752 2203 788 2242 ex
803 2183 1020 2261 Asclepiodoto:
1048 2185 1156 2262 demiffes
1173 2208 1193 2242 a
1214 2185 1338 2263 Philippo
1363 2192 1392 2244 in

397 2291 526 2351 metallan
535 2298 668 2371 antiquum
677 2277 737 2347 'olim
745 2287 1000 2365 destitutum-longa
1011 2293 1211 2367 viafatigates,
1230 2291 1390 2366 vidiffeflu-

310 2478 313 2482 ι
397 2404 469 2458 nina
480 2403 595 2475 ingentia
607 2412 634 2453 et
642 2406 769 2468 conceptus
789 2412 917 2468 aquarum
935 2396 1054 2451 innam
1072 2396 1160 2469 vcastu
1169 2407 1249 2468 parer
1259 2396 1392 2470 nostris-

395 2500 486 2560 Iid'erae
498 2500 631 2564 laxitatis,
654 2519 702 2556 nor
704 2497 763 2573 fiee
772 2494 876 2551 herrm
888 2498 968 2566 ufir.
1002 2492 1232 2553 Fundumautem
1239 2496 1392 2571 mythiaut
1412 2486 1416 2490 ’

397 2592 465 2654 fecit
477 2605 526 2648 aut
540 2587 673 2649 illustrare
687 2612 748 2653 rem
760 2596 849 2672 potest
859 2595 1068 2674 philosophema
1080 2596 1117 2653 de
1129 2597 1246 2655 Oceano
1261 2598 1392 2656 omnium
1450 2595 1459 2610 ‘

397 2697 513 2757 deorum
526 2694 696 2773 dearumque
711 2712 804 2776 patre,
822 2700 853 2757 h.
874 2718 902 2755 e.
917 2698 952 2756 de
966 2718 1039 2776 aqua
1051 2699 1191 2758 communi
1202 2700 1332 2759 omnium
1345 2720 1393 2759 re-

397 2822 460 2876 rum
485 2800 607 2889 origiue,
627 2798 673 2856 seu
694 2800 800 2878 potius,
820 2801 969 2881 pinguiore
988 2802 1084 2879 aliquo
1104 2800 1192 2869 sensu,
1209 2802 1248 2861 de
1274 2804 1392 2863 humide

397 2910 547 2972 elemento,
568 2906 622 2964 fine
634 2925 690 2983 quo
704 2907 849 2983 generatio
862 2907 937 2964 nulla
951 2906 1011 2965 lieri
1025 2908 1115 2983 pollit.

438 3013 575 3070 Cavernae
587 3012 668 3087 hujus
681 3012 767 3071 facies
780 3034 797 3071 a
817 3015 903 3092 podta
915 3014 1079 3074 adumbrata
1097 3015 1173 3075 forte
1189 3017 1229 3074 est
1246 3018 1328 3076 haee:
1354 3033 1392 3086 'ut

398 3119 449 3175 srut
468 3117 498 3175 in
520 3135 553 3174 ea
576 3117 670 3194 paffim
691 3117 824 3194 speluncae
844 3119 929 3197 inque
951 3120 985 3178 iis
1004 3122 1082 3178 lacus
1110 3119 1206 3179 induli
1225 3140 1394 3199 magnaeque

398 3224 481 3289 silvae,
502 3243 552 3300 per
571 3243 639 3300 quas
666 3224 779 3285 flumina
799 3224 891 3284 subter
909 3243 1016 3284 terram
1038 3247 1074 3285 ex
1095 3227 1210 3285 lacubus
1227 3229 1394 3306 profluam

399 3346 431 3388 ut
453 3329 525 3386 adeo
542 3328 572 3386 hi
592 3330 666 3388 lacus
688 3331 736 3389 snb
756 3347 831 3391 terra
853 3353 906 3411 pro
924 3333 1047 3391 fontibus
1067 3332 1129 3399 lint,
1150 3333 1223 3391 unde
1235 3334 1278 3392 illi
1297 3352 1394 3394 ortum

397 3434 529 3500 habeant,
558 3433 647 3492 donec
670 3436 840 3513 aliquantum
865 3439 998 3516 progreffi
1032 3437 1112 3515 supra
1136 3452 1243 3495 terram
1269 3439 1395 3499 minem
1423 3476 1429 3485 ·

396 3538 474 3597 fonte
492 3536 706 3616 unumquodque
724 3538 787 3598 suoi
821 3540 938 3619 Jamque
959 3543 1055 3597 dona
1072 3545 1169 3597 nuans
1177 3539 1239 3619 sqq.
1256 3542 1314 3619 363
1330 3544 1395 3623 sqq.

396 3641 462 3717 Qua
472 3640 513 3707 vi,
533 3662 589 3720 quo
599 3658 688 3708 motu,
708 3643 823 3700 flumina
838 3643 879 3701 ita
892 3645 922 3701 in
934 3645 1019 3701 altum
1033 3643 1169 3710 ferantur,
1182 3664 1219 3701 ex
1230 3643 1293 3702 imo
1302 3664 1396 3705 terra-

397 3764 459 3801 rum
473 3742 560 3802 fondo
582 3746 733 3824 allurgaut,
752 3759 792 3809 et,
812 3746 955 3822 quomodo
975 3765 1011 3803 ex
1024 3765 1080 3803 uuo
1096 3747 1159 3803 loeo
1172 3766 1272 3804 omnes
1293 3767 1396 3806 amnes

395 3846 510 3926 prodire
523 3849 632 3926 podint,
652 3837 820 3930 ut'doceren
840 3869 858 3906 a
873 3852 960 3928 poEta
972 3849 1114 3929 expeflzti
1131 3869 1189 3907 uon
1206 3866 1347 3927 poterat3
1376 3872 1396 3911 a

394 3954 509 4031 physico
521 3954 575 4011 hoc
589 3956 738 4029 polle-lares
748 3954 823 4029 jure.

437 4061 502 4136 Jam
516 4059 647 4116 Caverna
660 4060 718 4117 haee
730 4079 783 4137 pro
796 4058 980 4138 reginliqna
990 4060 1397 4138 fludomuaqnarmm·

396 4164 469 4219 male
482 4162 578 4219 haberi
590 4178 710 4239 poterat.
751 4162 782 4220 Si
794 4168 881 4241 poeta
892 4164 1003 4227 Oceani
1019 4164 1127 4244 regiam
1140 4184 1176 4222 eo
1188 4164 1277 4222 modo
1289 4165 1396 4225 adu.

396 4264 510 4322 brailet:
530 4264 600 4323 nihil
611 4280 678 4342 puto
691 4263 765 4322 foret
777 4266 853 4343 quod
864 4266 1043 4326 mirationem
1055 4268 1171 4327 hoece
1210 4266 1296 4325 Talia
1307 4268 1398 4348 Nep-

394 4367 456 4424 tuni
469 4366 847 4445 regiaprtlimdeseribitur3
868 4369 946 4427 unns.
964 4369 1184 4437 Ovidueel,
1211 4371 1271 4448 276
1285 4371 1344 4450 sq„
1363 4374 1398 4432 in

395 4472 450 4529 uae
464 4470 621 4530 Nereidum
642 4471 734 4531 Chori
746 4472 821 4552 apud
835 4472 935 4552 Eurip.
952 4475 1064 4535 Troad.
1077 4497 1122 4556 pr.
1142 4475 1232 4536 Nerei
1244 4475 1352 4537 dmm
1364 4478 1398 4538 in

395 4574 467 4637 mari
478 4578 579 4657 riguo
588 4576 664 4656 apud
677 4580 813 4658 Apollon.
829 4580 886 4647 IV,
906 4599 976 4659 77²·

514 4700 527 4739 r
1353 4690 1399 4750 A:
