3575 5509
574 662 994 778 CEORGIoON,
1041 660 1260 766 HM(
1323 707 1395 797 939Ι
1432 644 1463 768 ,⁹
1530 701 1533 708 '

427 940 430 950 -
459 877 602 965 Possum
619 891 733 962 multa
745 890 817 962 ‘tibi
835 908 998 964 veterum
1014 908 1196 988 praeccpta
1212 892 1342 968 referre
1350 932 1363 982 ς

407 1010 460 1098 Ni
477 1026 621 1121 refugis,
636 1025 822 1119 tenuisque
834 1024 1167 1121 pigeteognoscere
1177 1050 1296 1102 curas.

367 1165 371 1176 ’
408 1160 502 1232 Area
519 1183 604 1231 cum
618 1159 747 1254 primis
764 1157 904 1251 ingenti
922 1158 1288 1254 aequanda-cyl'rnd'ro,

442 1392 497 1441 177.
514 1380 624 1443 cognoscere
633 1378 709 1443 sciffo:
720 1376 847 1440 oblongus
858 1343 932 1424 Pierii
937 1378 1065 1437 .-·-178.
1081 1389 1128 1427 eum
1134 1384 1213 1446 primis
1223 1380 1316 1432 Medic.
1327 1394 1393 1435 uter-¹

407 1464 454 1521 que
466 1467 489 1503 et
502 1455 610 1519 plerique
620 1458 690 1512 vett,
701 1453 850 1517 stiam'apu'd
862 1454 979 1502 Pieriam.
1013 1456 1064 1503 Alii
1081 1470 1125 1503 cm
1136 1462 1239 1521 primm,
1256 1460 1323 1524 quod
1338 1452 1393 1511 out·

407 1545 466 1599 gare
478 1531 543 1588 esset,
559 1546 620 1595 qnam
626 1536 728 1597 priorum,
738 1535 900 1621 'comprimam
909 1548 934 1580 v.
946 1531 1009 1581 Gell.
1022 1535 1103 1595 XVII,
1114 1548 1137 1586 2.
1171 1536 1290 1603 Etiamfst
1299 1538 1329 1588 ab
1339 1540 1396 1590 alita
1439 1547 1441 1551 “

302 1613 313 1630 ·’
406 1610 559 1675 Interjicitur.

405 1789 545 1867 quomodo
557 1801 603 1846 aut
615 1786 709 1865 duplos
720 1777 788 1861 dorso⁸
798 1799 871 1865 apta·
921 1783 1010 1843 Potest
1022 1799 1112 1846 tamen
1121 1788 1204 1845 etiarn
1214 1786 1318 1848 diuum
1328 1792 1389 1863 esso,

406 1865 431 1923 ri
452 1882 499 1925 aut
519 1867 608 1943 ipsum
628 1864 722 1940 duplici
739 1869 804 1939 dorso
824 1866 874 1921 esse
922 1877 952 1919 ut
966 1862 1063 1949 -poiitis
1075 1862 1142 1920 alias
1147 1866 1271 1952 probare,
1302 1883 1333 1925 ut
1352 1872 1388 1927 de

444 1944 494 2012 tta,
537 1942 650 1999 difficile
689 1939 764 1997 dislu
805 1955 886 2008 erar„
922 1938 1043 1996 bonitate
1062 1938 1133 2015 ligni
1145 1943 1210 1999 tnde
1222 1945 1325 2002 constet
1338 1946 1390 2005 nisa

371 2037 372 2042 ’
440 2039 493 2077 unc
515 2020 628 2077 meliora
646 2017 757 2073 edoctus
780 2016 874 2074 lubens
919 2014 995 2072 enim
1016 2016 1123 2093 firmum
1148 2033 1176 2074 et
1201 2020 1318 2096 probum
1336 2022 1387 2093 sit,

404 2095 436 2152 in
447 2115 508 2153 cam
519 2094 678 2152 sententiam
691 2094 824 2161 concedo,
843 2107 874 2150 ut
922 2092 1074 2149 exarescens
1087 2092 1169 2151 ritrras
1182 2110 1254 2173 aget.
1293 2096 1392 2158 Nimia

405 2173 504 2229 dentale
528 2172 560 2227 sit
574 2170 639 2259 -ipse
658 2169 775 2227 vomeris
796 2172 873 2237 dens,
920 2168 1026 2227 subtilis
1039 2168 1087 2226 illa
1100 2169 1181 2240 ratio,
1202 2186 1233 2230 ut
1254 2174 1387 2250 explorare

427 2249 456 2306 tsi
472 2247 566 2305 ²solum
599 2246 743 2324 infringit}
791 2247 873 2305 utia
918 2246 1023 2305 disium
1036 2246 1069 2303 fit
1080 2267 1130 2324 pro
1145 2247 1285 2316 exsudare,
1304 2270 1387 2311 exco-

335 2346 337 2349 ⁴
401 2394 404 2398 Α
433 2326 560 2383 olumella
584 2324 626 2390 II,
660 2344 689 2388 2,
721 2342 760 2401 ²4
778 2325 872 2402 junsla
919 2324 1306 2400 quere,ertpellerehumorem
1318 2344 1388 2387 mmo

405 2404 552 2479 leguntur:
570 2402 629 2459 <ubi
673 2402 767 2460 Celsus
795 2402 873 2478 cen'set
918 2418 1000 2477 quam
1036 2401 1160 2460 lacrimas
1196 2424 1228 2463 ac
1258 2404 1387 2481 ploratus.

404 2488 503 2559 exigouis
524 2480 665 2538 vomeribus
686 2495 711 2536 et
731 2479 894 2539 dentalibus·
912 2478 1055 2538 Caeterum
1078 2480 1212 2538 advocant
1232 2481 1287 2540 viri
1307 2484 1386 2543 dosii

404 2558 627 2636 terram'jialigere.
664 2557 768 2633 Duplex
780 2573 868 2616 autem
914 2554 1036 2636 'Hesiodi
1051 2556 1124 2632 ’'Epy.
1145 2578 1201 2636 4²7
1215 2560 1289 2649 seqq.
1328 2560 1386 2619 Ve-

404 2636 462 2711 ejus
474 2636 565 2711 dorsum
578 2636 612 2691 ad
624 2634 680 2691 duo
689 2653 767 2691 crura
776 2653 870 2693 vome·
917 2637 980 2691 t'um
1013 2636 1049 2691 de
1081 2635 1135 2692 hoc
1168 2650 1196 2693 ct
1226 2638 1289 2696 aliis
1313 2638 1385 2699 uide

406 2712 604 2780 risreseremus,
636 2732 677 2768 uae
687 2711 794 2768 Servius
803 2711 871 2770 satus
918 2709 1062 2771 Excurs.I
1080 2712 1115 2769 ad
1128 2712 1157 2770 lr.
1170 2712 1193 2773 1.

403 2732 689 2946 bs
708 2787 870 2943 stat-ct·
916 2788 1384 2945 antonianus

451 2909 458 2925 ·
860 2908 869 2925 ο
1033 2908 1041 2925 ⁰
1133 2909 1141 2925 ·
1273 2910 1282 2934 o
1351 2910 1384 2947 [a

403 2943 511 3003 manica
549 2945 674 3019 (Stenae)
701 2942 870 3001 conficienda
916 2943 1230 3020 veterumcogitandum
1252 2946 1309 3004 est:
1333 2948 1383 3024 qui

401 3022 454 3079 esse
472 3021 587 3089 dicitur,
605 3045 662 3100 qaae
681 3026 839 3079 corrasimos
851 3046 870 3079 a
915 3034 973 3075 erat
996 3020 1073 3078 locus
1094 3020 1124 3077 in
1146 3019 1204 3097 ipso
1228 3040 1295 3097 agro
1320 3023 1383 3081 sub-

401 3114 470 3178 tergo
492 3114 613 3177 torqueat,
634 3098 662 3157 h.
684 3113 803 3155 aratrum
825 3098 867 3175 ip.
915 3096 1019 3164 limior‚
1055 3116 1108 3171 qua
1139 3113 1235 3155 ventus
1269 3100 1383 3174 perflare

400 3176 470 3240 sum,
495 3175 568 3232 vrotis
590 3170 760 3243 fsubnixum3
794 3175 869 3252 quod
915 3174 1009 3249 pollet,
1029 3171 1128 3231 solidus
1141 3178 1382 3253 accomplanatus,

398 3252 644 3329 Gallispeculiare
656 3253 732 3309 soille
753 3266 781 3309 et
793 3253 867 3310 Serv.
915 3269 970 3325 quo
989 3250 1154 3308 frumentum
1173 3267 1207 3308 ex
1225 3270 1293 3329 agro
1315 3273 1382 3311 con·

403 3323 432 3386 h.
456 3330 475 3386 l.
497 3341 582 3386 notat.
604 3344 631 3385 et
653 3328 729 3387 Plin.
752 3328 867 3397 XVIII,
914 3328 1016 3403 gestum
1027 3327 1115 3384 statim
1129 3329 1264 3386 terebatur
1274 3325 1382 3391 et'vetra
1440 3386 1445 3395 ,

401 3410 453 3480 48,
466 3423 494 3480 p.
511 3425 575 3479 ¹²32
588 3406 607 3461 l.
630 3420 677 3481 23,
699 3407 782 3464 modo
795 3405 868 3463 Har·
915 3404 1061 3461 tilabatur:
1076 3420 1133 3462 tum
1146 3421 1289 3483 purgatum
1299 3408 1381 3468 corbe

402 3482 482 3539 duini
499 3481 733 3558 interpolationem
747 3502 802 3539 non
818 3484 867 3541 ad.
914 3480 945 3538 in
980 3481 1076 3539 horrea
1110 3483 1311 3559 deportabatur.
1349 3506 1380 3547 u.

401 3559 507 3616 mittas,
567 3560 633 3615 Erat
646 3560 729 3616 ¹enirn
754 3560 868 3636 antiqua
914 3558 1004 3617 Varro
1013 3559 1206 3639 deR.R.I,51
1218 3561 1382 3632 3noncnim,

401 3636 506 3705 Iesiio3
525 3635 743 3713 latiore-cuspide
755 3656 865 3693 vomer:
911 3652 945 3691 ut
964 3638 1036 3711 apud
1059 3657 1109 3694 nos
1128 3637 1224 3694 tritura
1237 3638 1267 3695 in
1279 3639 1384 3698 horreo⁴

402 3714 493 3771 Idaon
502 3715 599 3789 pridem
609 3722 738 3771 inventam
751 3722 776 3769 in
789 3714 868 3778 Rhoe„
913 3712 1111 3773 instituebatur.
1168 3714 1280 3773 Scilicet
1311 3717 1378 3775 anni

401 3797 451 3848 tia.
503 3789 600 3847 Gallice
625 3792 688 3846 duas
720 3792 868 3847 oddaeroao
913 3804 1028 3866 tempus,
1060 3811 1116 3867 quo
1146 3791 1199 3849 hoc
1228 3790 1377 3864 faciebant,

400 3870 454 3926 tali
465 3868 576 3935 rotusas;
597 3868 662 3944 quod
673 3887 750 3945 genus
773 3883 868 3923 vocant
914 3865 1014 3923 siccum
1026 3881 1054 3924 et
1067 3867 1148 3925 nullis
1160 3868 1260 3945 pluviis
1272 3870 1378 3928 obnox-

396 3943 740 4024 planaratilplaumarati).
767 3943 867 4002 Robora
914 3942 972 3999 ium
992 3944 1070 4019 quale
1090 3941 1128 4001 in'
1142 3944 1197 4004 istis
1220 3946 1378 4024 regionibus

396 4041 465 4080 -vero
486 4023 514 4080 h.
538 4021 660 4081 materia.
679 4021 724 4077 seu
746 4019 865 4099 lignum,
913 4021 964 4078 esse
976 4020 1051 4091 solet,
1070 4022 1377 4089 nullisteslumlocum,

400 4102 474 4157 unde
499 4101 555 4158 haec
579 4098 768 4162 conficiantur,
814 4121 868 4156 amo
912 4112 944 4155 ut
966 4098 1038 4173 apud
1061 4118 1120 4169 nos,
1139 4101 1271 4177 requirit:
1292 4099 1322 4156 in
1343 4100 1382 4157 iis·

393 4181 495 4238 durata
508 4178 557 4233 csse
574 4175 681 4233 debent.
695 4175 771 4232 cons.
818 4175 865 4231 est·
911 4189 1001 4232 tamen
1013 4176 1145 4252 partibus,
1165 4178 1194 4234 in
1211 4176 1310 4254 quibus
1322 4196 1377 4234 cae-
1412 4204 1415 4209 ’

398 4255 448 4312 od.
463 4266 536 4330 Ἐςγ.
561 4273 608 4331 45.
633 4259 697 4328 629.
749 4253 866 4329 explorat
911 4254 968 4310 lum
1004 4251 1197 4311 inconstantius
1225 4254 1298 4319 esser,
1330 4269 1378 4313 aut

394 4332 505 4390 'videtur
547 4329 697 4408 exprimere
738 4345 864 4401 naturam
911 4328 1046 4387 nubilaria
1075 4330 1167 4388 vicina
1191 4328 1374 4398 habebantur:

397 4408 480 4476 sumi,
508 4408 574 4464 durn
596 4410 665 4464 lente
685 4426 732 4483 per
748 4406 864 4465 minutas
911 4426 939 4465 v.
961 4406 1051 4464 Varro
1064 4407 1091 4475 Ι,
1107 4426 1152 4479 13,
1166 4428 1194 4483 ς,
1210 4419 1255 4462 aut
1267 4404 1298 4461 In
1310 4406 1376 4464 hor.
1477 4408 1481 4415 ”
1524 4395 1527 4406 ’

398 4487 543 4566 particulas
556 4485 607 4541 sese
621 4484 747 4549 insinuat,
759 4498 790 4541 ut
803 4491 862 4565 iter,
910 4503 956 4540 reo
1004 4481 1280 4541 rticisexterebantur
1312 4502 1377 4541 rana

395 4560 863 4641 vias,tenebrasexploraredicimur.
910 4579 958 4640 pet
987 4560 1095 4619 icmcm.
1109 4559 1261 4619 t.Cqum.
1302 4580 1374 4629 sat,

1260 4635 1377 4715 ᾼΜο.
