3575 5509
594 1381 963 1467 ncnoou
1048 1370 1163 1469 mu

547 1625 1202 1708 PHARMACEUTuln

669 1857 1091 1924 --===-
1179 1907 1185 1945 2

595 2076 1154 2192 ·ARGUMENuum.

397 2258 464 2387 D
469 2334 590 2377 nonunt
610 2314 742 2394 pastorum
759 2315 890 2388 carmina,
902 2317 1016 2377 aiterum
1028 2336 1063 2377 ex
1074 2316 1221 2382 Theocriti
1232 2322 1315 2404 Idyll.
1326 2324 1372 2385 111

395 2425 511 2485 alterurn
526 2418 653 2499 exsdyll.
666 2418 696 2477 II
714 2418 842 2498 expreffa,
867 2421 1042 2486 recitantura
1063 2430 1157 2501 poeta,
1169 2441 1306 2508 tamquam
1324 2434 1374 2513 qui
1395 2480 1398 2483 .

396 2549 429 2590 ea
440 2525 592 2588 audieritv.
609 2544 690 2608 1-55.
706 2524 753 2586 62.
767 2525 815 2602 63.
853 2525 887 2585 In
901 2527 1034 2588 Damonir
1045 2529 1166 2591 carmine
1188 2540 1295 2614 17-61
1309 2558 1373 2617 gra.

397 2637 440 2697 vie
456 2634 537 2714 dolor
547 2647 577 2691 et
587 2628 720 2709 aegritudo
735 2630 848 2709 alicujus
862 2633 985 2711 pastoris,
1001 2632 1050 2693 ¹cui
1069 2633 1151 2707 Nisa,
1170 2653 1258 2699 amata
1273 2644 1375 2720 puelle,

397 2740 529 2821 Mopsum
541 2738 650 2797 rivalem
662 2736 824 2815 praetulerat,
842 2736 968 2815 praeclare
977 2736 1140 2818 ρχροηῑωη
1158 2733 1376 2823 igApphefiboei
1504 2794 1513 2812 .

397 2846 519 2909 carmine
539 2848 578 2920 64
596 2843 632 2901 ad
651 2842 698 2902 fin.
719 2840 817 2901 mulier
836 2838 978 2921 Daphnin,
996 2854 1131 2904 amantem
1145 2835 1233 2918 snum,
1252 2868 1336 2929 aquo
1348 2853 1377 2912 se
1465 2847 1467 2854 ’

399 2954 532 3017 desertam
550 2948 601 3007 esse
620 2946 743 3026 potabat,
772 2943 1002 3018 incantationibus
1023 2946 1139 3026 magicis
1157 2949 1193 3007 ad
1213 2950 1240 3008 se
1258 2968 1379 3020 revocat.

398 3056 517 3119 Putandi
534 3053 609 3114 euim
621 3052 651 3111 hi
662 3051 724 3109 sunt
743 3052 794 3109 esse
813 3047 886 3108 lusus
906 3050 1043 3128 utriusque
1061 3051 1187 3129 pastorirr
1206 3053 1255 3134 qni
1273 3036 1379 3121 amore·

399 3163 516 3223 aliorum
527 3169 751 3226 commemorant,
770 3176 827 3215 non
838 3154 909 3215 suot.
947 3154 1103 3235 Utrumque
1113 3176 1220 3217 cannen
1230 3178 1279 3238 per
1289 3162 1317 3221 se
1327 3164 1380 3225 fibi

399 3268 512 3333 constat,
530 3284 581 3324 nec
590 3262 701 3322 vinculo
713 3261 770 3319 ullo
779 3281 811 3321 ea
821 3273 957 3329 tenentur,
974 3258 1025 3317 nid
1038 3259 1113 3337 quod
1125 3259 1221 3321 abinir
1231 3264 1381 3342 passoribm

402 3370 561 3439 recitantur,
578 3366 627 3445 qui
639 3364 711 3424 inter
727 3361 874 3423 secertasse
886 3361 1024 3432 videntur,
1043 3362 1063 3422 si
1081 3364 1191 3443 proprie
1211 3366 1285 3426 dixit
1296 3379 1380 3448 poeta

403 3494 431 3531 v.
445 3473 482 3532 62
494 3470 647 3547 responderit.
686 3467 783 3527 Artem
800 3479 828 3525 et
849 3465 973 3545 spiritum
994 3474 1083 3546 poeta
1094 3467 1124 3526 in
1135 3483 1230 3529 neutro
1241 3471 1381 3540 defideres.

405 3578 483 3639 Nam
498 3576 554 3656 ipsa
566 3555 885 3657 incantationir'magicae
895 3577 1043 3657 descriptio
1055 3597 1111 3638 non
1123 3579 1268 3641 abhorrens
1280 3583 1315 3642 ab
1327 3585 1383 3645 hoc

404 3684 526 3765 poetices
537 3700 634 3761 genere
652 3696 838 3761 argumentum
850 3683 940 3743 videri
951 3684 1032 3745 debet
1041 3709 1051 3755 ς
1076 3688 1147 3745 reete
1158 3686 1232 3745 enim
1243 3703 1272 3746 et
1283 3710 1318 3749 ex
1334 3710 1383 3749 na·

403 3803 465 3850 tura
477 3786 575 3855 nostra,
593 3784 813 3868 quandoquidem
834 3806 962 3878 agrorum
973 3802 1002 3848 et
1019 3789 1143 3849 silvarum
1159 3789 1306 3852 solitudine
1316 3795 1388 3856 mire

404 3891 479 3955 offici
491 3889 577 3950 animi
599 3887 682 3949 nostri
693 3905 721 3948 et
740 3891 775 3949 ad
794 3890 955 3971 religionem
975 3893 1104 3973 componi
1122 3892 1219 3966 solent,
1237 3895 1387 3975 pastoribus

405 3997 554 4078 proclivius
575 3995 668 4073 paullo
678 4010 706 4054 et
716 3994 829 4075 pronius
850 3995 881 4055 in
892 3996 1090 4076 superstitiones
1099 4013 1127 4058 et
1139 4000 1260 4080 magicas
1271 4001 1388 4064 rationes

405 4097 548 4179 ingenium
569 4096 710 4158 tribuitur.
747 4095 880 4176 Inscripta
902 4117 979 4169 uero,
997 4099 1072 4177 quod
1095 4099 1198 4178 primus
1220 4099 1342 4177 Scaliger
1352 4101 1391 4162 ad

406 4202 507 4284 Euseb.
517 4203 622 4262 Chron.
636 4223 712 4265 2020
723 4202 831 4273 docuit,
843 4205 879 4263 est
888 4202 993 4283 Ecloga
1000 4202 1096 4264 Afinio
1108 4203 1228 4263 Pollioni
1239 4224 1267 4261 v.
1281 4206 1389 4282 6-13‚

406 4306 456 4387 qui
481 4319 540 4365 tum
563 4306 592 4364 in
614 4306 756 4385 Illyricum
772 4307 923 4369 exercitum
942 4308 1071 4376 ducebat,
1096 4321 1124 4365 et
1139 4307 1198 4384 jam
1210 4304 1264 4363 sive
1274 4306 1389 4384 pedestri

406 4391 620 4470 iuuenum
632 4410 832 4480 emensum,
851 4409 905 4471 uve
921 4407 1123 4487 mmtluyrtcr
1135 4427 1211 4466 oram
1223 4408 1340 4489 regern,
1358 4422 1392 4468 ut

409 4515 444 4579 ad
457 4514 599 4591 Parthinos
611 4515 772 4595 perveniret,
791 4514 839 4597 qui
850 4516 941 4579 versus
953 4513 1152 4578 Macedonicos
1163 4514 1228 4575 finer
1240 4533 1297 4585 nou
1310 4514 1394 4592 longe

1291 4616 1394 4695 aDyr.
