3575 5509
435 692 510 790 '5⁶0
686 698 1126 790 EXCURSUS

649 1267 1147 1396 ⁴excursusn

654 1552 712 1632 De
732 1560 861 1633 Pleiade
876 1563 1000 1657 Pfiem
1004 1567 1168 1661 fugiente.

457 1781 461 1785 “
496 1761 623 1831 EORG.
637 1769 694 1839 IV,
718 1789 776 1850 ²3²
802 1773 915 1849 Taygete
924 1771 1006 1852 simul
1024 1796 1050 1833 os
1071 1777 1149 1835 terris
1168 1773 1412 1860 prienditbenestra

533 1876 622 1943 Plias,
635 1892 660 1934 et
679 1876 777 1933 Oceani
779 1878 880 1952 spretos
887 1880 952 1953 pede
964 1876 1056 1955 repulit
1067 1885 1171 1939 arsuris:
1192 1884 1249 1941 Aut
1265 1889 1351 1943 eadent
1361 1890 1408 1964 st.

419 1987 575 2065 lusfug't'errs
588 1981 631 2041 ubi
644 1984 723 2059 Pffcis
735 1985 821 2064 aqutst
835 1981 947 2059 Tristior
964 1982 1084 2042 hibernus
1095 1984 1155 2043 caelo
1168 1989 1292 2063 descendit
1313 1997 1341 2049 in
1358 2016 1410 2054 un-

421 2094 481 2150 das.
524 2089 570 2149 De
580 2086 723 2146 Pleiadum
733 2101 797 2143 ortu
809 2100 837 2143 et
850 2086 947 2143 occasu
970 2087 1030 2164 agi,
1056 2083 1227 2151 manifestum
1246 2095 1288 2162 fit,
1312 2097 1408 2158 decla·

419 2208 565 2271 ratumque
578 2193 609 2250 id
622 2192 684 2251 satie
700 2194 737 2250 est
754 2191 783 2248 in
793 2190 877 2249 Notis
891 2191 927 2248 ad
940 2192 970 2248 h.
980 2204 1010 2266 t.
1050 2193 1147 2253 Altera
1159 2208 1254 2256 umen
1272 2219 1341 2277 pass
1356 2204 1405 2265 vix

416 2298 479 2359 satis
490 2293 617 2375 expediri
629 2295 705 2374 poffe
714 2292 940 2369 interpretatione
954 2294 1009 2352 ulla
1022 2294 1185 2368 videbatur3
1205 2301 1403 2387 haerebamque

415 2404 446 2463 in
466 2421 500 2459 eo
513 2401 579 2478 ipse,
597 2414 730 2478 quatenus
754 2397 844 2457 Pleias
864 2398 995 2457 occidere
1015 2399 1072 2459 dici
1095 2404 1192 2479 poIIet,
1201 2413 1315 2487 fugiens
1326 2401 1402 2491 silus

413 2513 495 2585 Pycis
506 2509 597 2585 aqusſs.
637 2502 748 2561 Etenim
760 2502 788 2559 in
808 2503 861 2559 hoc
874 2502 1022 2561 aestuabant
1035 2505 1144 2583 Intpp.,
1164 2510 1314 2589 qualeyhoc
1328 2516 1402 2576 fidus

413 2616 458 2682 fit,
471 2628 500 2672 et
512 2633 567 2692 qua
581 2611 687 2671 ratione
709 2610 798 2669 Pleias
817 2609 885 2668 illud
908 2610 1006 2690 fugere
1028 2610 1147 2673 dicatur.
1187 2614 1289 2701 Neque
1310 2608 1399 2688 enim,

350 2760 353 2767 ·
411 2722 469 2781 ive
491 2742 542 2800 per
565 2719 761 2804 grammatices
785 2719 840 2777 five
860 2739 912 2797 per
935 2720 1127 2780 astronomicas
1147 2721 1281 2791 rationes,
1307 2725 1399 2786 Servii

292 2840 296 2849 '
320 2891 326 2903 ¹
353 2879 355 2884 .
410 2828 493 2902 Piscis
505 2824 637 2904 assstralis,
651 2844 703 2882 nec
717 2825 809 2901 Pffces,
823 2843 875 2881 nec
898 2826 1023 2903 Scorpius,
1046 2844 1098 2886 nec
1111 2829 1204 2905 Hydra
1223 2828 1272 2887 hic
1287 2814 1397 2889 memo·

409 2933 468 2995 rari
481 2935 603 3012 poffunt3
625 2944 655 2988 ut
667 2949 718 2987 nec
732 2927 884 3005 Delphinus,
905 2929 952 3007 qui
972 2951 1015 3008 pr.
1036 2932 1132 2990 Nonas
1147 2932 1274 3010 januarii
1284 2934 1398 2997 exorie-

345 3111 347 3114 .
409 3037 493 3097 batur
507 3057 542 3095 ex
553 3033 668 3094 Caesaris
679 3032 796 3097 ratione,
806 3053 835 3090 v.
852 3032 924 3091 Plin.
939 3034 1054 3100 XVIII,
1069 3036 1117 3103 26,
1130 3036 1150 3095 s.
1164 3037 1214 3115 64,
1225 3058 1311 3116 quem
1323 3039 1394 3098 adeo

406 3161 460 3202 nec
469 3140 565 3217 fugere
577 3136 669 3195 Pleias
682 3135 769 3193 videri
782 3137 880 3213 potest.
920 3137 980 3195 Nisi
995 3137 1066 3197 forte
1080 3142 1161 3215 Piscis
1173 3139 1204 3198 in
1217 3144 1312 3221 Pristis
1325 3164 1387 3202 mu-

405 3239 491 3308 tetur,
505 3262 561 3321 quo
573 3241 683 3299 nomine
698 3240 800 3298 Cetum
814 3255 922 3299 veteres
941 3242 1086 3300 astronomi
1099 3246 1262 3321 appellant3
1280 3246 1392 3325 'poffunt

404 3350 445 3408 ite
456 3343 581 3407 Pleiades
593 3345 710 3423 quadam
722 3344 826 3403 ratione
838 3345 895 3419 ejus
904 3344 1000 3402 riiium
1010 3346 1133 3405 hiantem
1143 3348 1234 3407 videri
1244 3352 1391 3430 effugerea

403 3454 445 3513 uti
458 3454 592 3516 Orionem
604 3450 716 3528 fugiunt
737 3448 766 3506 in
791 3470 835 3517 eo,
863 3471 946 3529 quern
972 3451 1096 3534 laudavit
1121 3456 1249 3515 Guellius
1272 3474 1390 3520 etcum

403 3564 495 3621 nostro
517 3557 700 3638 comparavit,
719 3557 781 3615 loco
808 3557 906 3636 Qinti
929 3557 1040 3636 Smyrn.
1053 3561 1180 3641 Paralip.
1201 3560 1242 3629 'V,
1268 3565 1326 3644 367
1346 3566 1388 3646 sq.

402 3670 500 3727 Πλοῖοὶς
512 3669 566 3725 εὖτ’
577 3669 722 3738 ἀκάμαντος
735 3669 759 3722 ἒς
773 3668 895 3724 Ὠκεανοῖο
910 3665 999 3744 ῥέεθρα
1013 3667 1102 3735 AieS’,
1114 3671 1308 3732 imoureiweea
1318 3700 1390 3752 megs·

399 3764 487 3830 niueis
498 3772 615 3847 'rugium
656 3769 722 3827 Fuit
742 3770 786 3827 vir
804 3770 911 3836 doetus,
932 3771 980 3850 qui
994 3770 1033 3829 ita
1047 3768 1202 3833 succurrer'e
1215 3776 1341 3846 velebat,
1355 3793 1388 3841 ut

398 3874 595 3951 distingueret:
616 3874 671 3931 Aut
683 3877 855 3953 eadem,fidus
862 3881 972 3954 fugiens
985 3874 1029 3935 ubi
1041 3879 1121 3953 Piscis
1141 3883 1226 3959 aquofi
1245 3881 1318 3958 (scil.
1333 3885 1386 3952 est.
1402 3891 1405 3895 ’

398 3978 454 4053 ibi)
471 3975 507 4034 T.
519 3977 549 4034 h.
562 3977 684 4052 descendit
698 3983 726 4035 in
739 3979 840 4036 undas:
862 3977 937 4056 quod
950 3978 999 4037 vix
1012 3979 1142 4056 reperiet,
1151 3969 1231 4039 cuise
1239 3980 1302 4041 satis
1314 4003 1386 4061 pro·

397 4082 457 4142 bet.
480 4081 585 4140 Petitus
599 4079 634 4137 de
649 4082 714 4139 LL.
729 4082 821 4142 Attics
830 4104 861 4163 p.
877 4104 937 4165 390
952 4086 1120 4165 (jurisprud.
1132 4088 1215 4147 Rom.
1225 4098 1254 4145 et
1263 4086 1327 4146 Art.
1335 4086 1372 4151 ,Τ
1374 4128 1385 4148 .
1452 4069 1455 4078 Ι

396 4195 457 4260 ΙΙΙ,
483 4212 512 4269 p.
527 4191 595 4267 483)
623 4187 699 4244 Sidus
722 4187 805 4247 solem
827 4190 1036 4269 interpretatur,
1056 4191 1219 4272 quodiatis
1231 4193 1305 4251 reike
1318 4191 1385 4260 fieri

395 4301 481 4377 poffe,
491 4318 546 4356 non
559 4316 660 4376 negem
674 4318 684 4365 ;
704 4296 777 4355 hunc
791 4298 926 4379 Vergiliae
940 4300 1060 4378 fugiunt,
1070 4321 1133 4377 cum
1145 4299 1267 4361 aversam
1280 4298 1318 4359 ab
1330 4299 1386 4361 illu

394 4415 426 4461 et
438 4402 605 4460 contrariam
619 4402 760 4461 instituunt
782 4401 868 4461 viam.
908 4401 972 4461 Sole
994 4404 1070 4464 enim
1088 4424 1106 4465 e
1127 4404 1200 4465 mari
1212 4416 1382 4484 emergente

393 4506 446 4567 illae
470 4508 500 4567 iu
523 4528 600 4569 mare
620 4507 798 4573 descendunt.
837 4508 978 4570 Haitenue
1004 4509 1087 4574 bene·
1123 4508 1262 4574 sedtum
1282 4506 1388 4587 jungit.

820 4636 824 4645 ¹
1292 4614 1378 4676 mla:
