3575 5509
585 665 987 757 GEORGICON,
1028 668 1139 743 LIB.
1173 670 1207 745 -Ι,
1320 695 1387 769 253

416 871 514 944 Hinc
530 874 752 967 tempestates
764 872 875 944 dubio
889 871 1098 968 praediscere
1112 874 1207 945 coeio

414 1007 606 1095 Possumus,
619 1009 702 1079 hinc
715 1006 897 1100 messisque
913 1006 1011 1077 diem
1020 1007 1227 1104 tempusque
1236 1007 1391 1097 serendig

414 1147 464 1219 Et
479 1149 620 1243 quando
637 1144 787 1217 infidum
803 1143 909 1215 remis
926 1142 1093 1237 inpellere
1105 1169 1262 1218 marmor

415 1282 625 1361 Conveniam
651 1279 792 1374 quando
808 1295 959 1349 armatas
974 1278 1147 1352 deducere
1160 1284 1286 1370 ciasiis;
1319 1311 1338 1360 2
1343 1308 1361 1383 ς
1366 1309 1385 1384 5

409 1422 488 1493 Aut
505 1420 749 1516 tempestivam
764 1416 858 1487 filvis
873 1434 1027 1488 evertere
1044 1416 1182 1513 pinum.

461 1565 497 1634 N
500 1583 539 1631 ec
548 1558 667 1630 frustra
677 1553 980 1652 fignorumobitus
990 1552 1211 1650 speculamur
1221 1573 1256 1630 et
1266 1580 1375 1651 ortus,

442 1800 498 1847 252.
516 1786 561 1833 ffic
572 1784 652 1833 Mead.
680 1786 800 1847 praedffcere
811 1782 885 1827 Rom.
904 1789 929 1827 et
946 1778 988 1827 alii
1006 1795 1035 1830 ex
1052 1795 1134 1839 more;
1150 1792 1178 1830 ut
1189 1799 1213 1831 v.
1223 1799 1263 1844 51.
1281 1787 1312 1845 Π,
1330 1798 1386 1847 255.

405 1866 522 1929 praediscere
536 1863 587 1927 jam
606 1870 740 1908 correxerat
759 1859 866 1920 Nauger.
887 1856 913 1903 in
930 1855 990 1903 Ald.
1009 1866 1188 1917 tert—253.
1211 1863 1315 1925 mcrffsque
1335 1866 1388 1909 dem
1441 1854 1447 1868 ’

408 1941 457 1999 aiii,
471 1950 587 2006 perpetua
597 1936 755 1984 aberratione.
774 1933 838 1980 cons.
854 1932 906 1979 Ecl.
915 1934 949 1989 V,
962 1931 1128 1993 70.-—256.
1147 1935 1179 1980 Et
1188 1944 1206 1983 t.
1217 1934 1323 1984 Macrob.
1336 1940 1385 1985 Sat.

408 2014 706 2077 V1,4.Schoi.Cruqu.
728 2012 817 2057 Horat.
840 2011 923 2057 Cario.
947 2010 967 2067 i,
981 2022 1025 2071 23.
1067 2013 1088 2055 in
1097 2010 1163 2074 fiscis
1183 2011 1263 2061 multi.
1294 2024 1388 2065 avom·

409 2093 628 2151 Zulich.--257.
635 2090 770 2154 speculantur
779 2086 866 2152 fragm.
877 2086 972 2134 Moret.
1179 2099 1183 2108 ¹
1393 2113 1395 2117 .

407 2283 504 2351 oritur,
516 2285 596 2342 lumen
597 2286 673 2358 saum
686 2288 794 2361 profert.
831 2281 873 2338 Ita
922 2300 981 2339 rum
994 2280 1122 2339 limborum
1138 2280 1388 2351 acbalteomm,seo
1476 2310 1478 2313 ’

407 2363 512 2440 accepit
520 2380 626 2439 quoque
635 2358 728 2428 Silius,
762 2359 790 2417 ui
800 2358 871 2416 hunc
919 2382 1049 2426 zonarum,
1073 2360 1274 2421 enumeratione
1303 2365 1386 2433 fasta,

406 2438 510 2497 versum
552 2439 672 2516 expressit
716 2380 772 2504 Xi,
805 2437 869 2515 516.
918 2455 981 2492 cum
1003 2435 1032 2492 in
1058 2448 1203 2513 temperata
1224 2436 1386 2508 substitisset,

409 2537 475 2595 517.
497 2517 630 2573 Invadunt
653 2530 762 2589 campum
783 2513 871 2570 etlare
917 2511 1008 2589 pergit
1018 2534 1046 2572 v.
1097 2516 1159 2591 169.
1179 2516 1247 2574 Hinc
1266 2514 1386 2591 placidus

395 2592 556 2672 fulgentibus
575 2597 651 2649 armis
670 2593 811 2651 Accendant
829 2591 868 2647 ul·
917 2590 1045 2666 nobupe'r
1053 2606 1161 2668 tempora
1172 2600 1284 2649 venitur
1292 2616 1384 2654 annus.
1427 2609 1428 2614 ’

406 2686 443 2727 tro
463 2671 537 2729 lucem
540 2675 666 2747 surgentis
686 2670 741 2726 Eoi.
781 2666 811 2722 N
813 2686 868 2724 am·
917 2668 984 2724 Hinc
998 2683 1024 2723 et
1034 2667 1169 2749 collajugo
1183 2670 1268 2727 didicit
1273 2672 1384 2743 stcbmit-

405 2767 457 2825 que
467 2749 514 2805 illa
526 2746 645 2823 vulgaris
665 2744 746 2811 ratio,
766 2764 819 2819 qua
835 2744 870 2799 de
916 2758 1064 2802 tereraurus
1074 2760 1127 2804 etc.
1167 2744 1212 2804 Ex
1227 2747 1320 2805 eadem
1332 2749 1386 2807 ob.

404 2825 508 2882 facibus
532 2838 559 2879 et
583 2821 703 2879 candelis
726 2820 870 2896 accipitur,
917 2819 1067 2878 servatione
1090 2821 1215 2897 antiquus
1238 2822 1275 2880 de
1300 2824 1384 2884 AEolo

403 2922 463 2979 quae
494 2918 524 2959 ut
562 2898 749 2964 incendantur,
781 2896 872 2973 vesper
917 2895 1124 2969 mythusnatus.
1156 2896 1216 2955 vid.
1239 2897 1383 2961 Heraclio.

403 2980 489 3038 cauffa
501 2979 548 3043 esf,
568 2997 622 3032 non
636 2974 745 3051 quidem
763 2972 871 3029 indofia
917 2972 952 3028 de
964 2974 1044 3047 alleg.
1058 2974 1145 3031 Hom.
1157 2972 1233 3033 subs.
1262 2996 1297 3055 ²5
1319 3003 1384 3036 ,αν-

402 3057 449 3122 est,
468 3056 512 3115 fed
529 3053 640 3111 humilis
663 3068 752 3108 tamen
774 3064 800 3107 et
821 3049 868 3106 ab·
917 3066 995 3108 matae
1006 3051 1100 3126 claffis,
1112 3052 1278 3126 ὡπλισμένοις,
1295 2997 1383 3131 simpl.

402 3133 510 3191 horrens
533 3153 549 3188 a
572 3131 619 3188 tali
641 3128 768 3188 carmine.
808 3126 869 3203 Op·
914 3126 1046 3183 instructae
1061 3148 1150 3187 naves.
1173 3128 1246 3185 conf.
1269 3130 1384 3191 Hefiod.

402 3209 543 3285 portunius
565 3206 637 3265 idem
662 3207 731 3264 iilud
752 3204 804 3262 ins.
828 3204 866 3263 vs.
910 3204 985 3279 Ἐςγ.
1008 3206 1074 3278 631.
1095 3208 1163 3279 632,
1181 3220 1209 3261 et
1227 3207 1293 3283 671.
1314 3208 1383 3283 ⁶7²·

403 3305 468 3364 ²9¹·
917 3281 969 3339 Sed
990 3279 1014 3339 is
1035 3281 1143 3340 meliori
1158 3281 1219 3357 jure
1230 3284 1383 3359 navigatio·

405 3383 507 3497 szh
533 3363 608 3417 Hinc.
635 3358 733 3415 Esolis
754 3359 805 3415 hoc
821 3376 868 3435 per
915 3378 977 3415 nem
1012 3358 1187 3446 memorabat,
1212 3362 1383 3437 quandoqui-

434 3459 449 3494 o

402 3532 482 3591 atque
504 3514 570 3573 adeo
590 3512 790 3568 succedentibus
815 3511 864 3569 fibi
914 3511 963 3569 tris
997 3512 1114 3570 familias
1145 3527 1214 3580 erat,
1247 3514 1383 3576 frumenta

402 3591 518 3648 invicem
556 3591 617 3645 anni
657 3588 783 3663 partibus,
823 3588 864 3644 in·
912 3589 976 3646 navi
1010 3590 1107 3647 devehi
1140 3590 1174 3646 ad
1207 3594 1384 3666 permutanda

471 3437 694 3499 iacurndecursu,
714 3455 729 3491 a
746 3456 772 3491 v.
798 3456 864 3510 231,
915 3435 978 3492 dem
999 3434 1046 3493 ilia
1067 3450 1143 3493 aetate
1159 3449 1229 3494 inter
1247 3457 1324 3495 curas
1335 3460 1382 3517 pa.
1479 3449 1481 3456 ’

400 3672 510 3725 stantem
536 3666 716 3741 tempestatum
740 3665 865 3721 mutatio·
914 3666 966 3723 alia
976 3666 1199 3724 vitaenecetsaria.
1240 3668 1306 3741 256.
1320 3686 1381 3728 tem·
1476 3666 1480 3670 ’

400 3766 462 3803 nem
499 3743 637 3801 discimus.
686 3741 798 3802 ,Habuit
837 3744 866 3799 in
909 3743 1116 3819 pssivamſslvis
1129 3760 1240 3801 evertere
1252 3750 1340 3821 pinum
1351 3749 1381 3806 h.

400 3823 492 3879 animo
516 3819 603 3878 versus
633 3818 713 3875 Arati
744 3818 864 3876 Diosern.
914 3818 990 3895 ligna
1010 3840 1042 3876 ac
1065 3820 1203 3878 materiem
1228 3823 1382 3898 tempestive

403 3919 438 3955 10
463 3900 520 3976 sqq.
560 3895 718 3975 Tempstates
742 3896 777 3951 de
800 3915 865 3971 qua·
914 3897 1025 3956 caedere.
1071 3896 1233 3954 Consulatus
1253 3898 1325 3957 Cato
1345 3901 1382 3959 de

398 3992 461 4033 tuor
490 3974 554 4032 anisi
586 3975 703 4050 partibus
730 3972 796 4039 dici,
832 3992 866 4029 ex
915 3972 951 4028 R.
973 3973 1010 4030 R.
1028 3992 1053 4030 c.
1069 3994 1100 4047 31
1120 3976 1203 4048 (unde
1214 3994 1306 4034 vocem
1320 3994 1380 4035 tem-

398 4073 427 4111 ν.
461 4074 475 4110 z
481 4058 514 4131 58
548 4066 632 4130 patet,
667 4048 867 4127 Temptabisque
909 4053 1011 4182 fficio
1038 4051 1146 4111 dusiam
1182 4052 1232 4110 esse
1257 4052 1381 4111 observat

397 4151 442 4207 p.;
464 4132 634 4206 conjundam
656 4143 744 4185 tamen
767 4128 865 4185 mutati
949 4126 1043 4184 acrob.
1053 4127 1107 4195 Vi,
1117 4151 1147 4203 4,
1159 4150 1186 4206 p.
1202 4134 1280 4206 596).
1310 4129 1379 4187 Plin.

397 4208 467 4265 aeris
496 4227 527 4262 ac
560 4205 618 4263 cali
640 4205 779 4263 notionem
804 4204 864 4274 esse,
915 4204 999 4273 XVI,
1025 4226 1071 4284 74.
1118 4227 1168 4284 75,
1203 4203 1223 4263 s.
1259 4224 1305 4282 39.
1339 4206 1378 4265 cs.

396 4304 430 4341 ex
469 4284 595 4359 adjuniio
632 4297 713 4357 patet.
765 4282 865 4340 Caelum
913 4281 1010 4340 Cerda.

393 4360 505 4427 dzcbium,
518 4360 576 4417 scil.
589 4359 744 4417 instantibus
755 4359 864 4437 pluviis,
952 4358 1111 4435 257-267.
1122 4356 1215 4414 Habet
1224 4354 1305 4412 etiam
1317 4356 1382 4413 alias

430 4438 537 4494 ocellis.
574 4437 619 4493 Ad
633 4453 863 4513 eaeteracompara
912 4433 1053 4501 utilitates,
1072 4436 1091 4491 st
1111 4434 1234 4491 observes
1265 4432 1381 4492 siderum

395 4458 504 4577 Esibull.
522 4513 576 4582 IV,
598 4535 608 4572 1
625 4514 684 4592 qui,
703 4516 797 4578 eadem
811 4516 861 4576 hu·
911 4528 985 4570 ortus
999 4527 1025 4569 et
1048 4510 1157 4578 occasus
1173 4523 1200 4566 et
1216 4507 1292 4566 vices
1314 4510 1380 4574 anni

706 4595 710 4600 '
1227 4600 1379 4664 temporum
