3575 5509
434 712 568 771 xcvnr
692 689 782 765 DE
829 677 1163 759 VIRGILII

472 896 629 954 Memorata
640 903 667 948 et
679 886 814 965 descripta
827 884 974 944 secundum
984 897 1123 941 externam
1137 878 1254 938 formam
1275 879 1335 937 ade
1354 877 1423 939 Bure

435 991 463 1042 in
477 980 618 1059 Catologrte
639 980 679 1036 des
692 965 829 1035 liivresdu
842 974 902 1032 Duc
912 976 943 1031 de
964 972 992 1029 la
1008 973 1033 1027 V
1031 970 1120 1030 alliere
1133 968 1163 1027 P.
1176 968 1203 1034 I,
1216 969 1255 1027 T.
1269 967 1310 1036 II,
1328 989 1356 1046 p.
1373 972 1428 1041 80,

395 1113 398 1118 .
435 1070 575 1149 propofito
586 1085 696 1147 quoque
707 1063 859 1122 litterarum
881 1059 1039 1138 specimine,
1058 1079 1119 1137 quae
1132 1056 1340 1135 neogothicaeet
1359 1056 1423 1120 bar-

387 1203 394 1219 .
436 1159 510 1217 barae
530 1158 601 1216 sunt.
642 1154 738 1213 Veniit
760 1153 819 1210 illa.
834 1152 911 1231 756l.
929 1172 985 1231 ¹95·
1026 1149 1109 1206 Extat
1131 1147 1203 1206 inter
1224 1145 1428 1205 Reviczkianat

437 1266 503 1325 oper
515 1246 544 1307 in
557 1244 727 1303 bibliotheca
739 1240 893 1320 Spenceria.
934 1240 1052 1297 Nullum
1074 1238 1202 1315 equidem
1213 1256 1247 1295 ex
1259 1255 1291 1293 ea
1302 1235 1432 1296 editione

438 1332 556 1391 studium
569 1333 603 1389 ad
618 1338 726 1408 poetam
747 1326 912 1405 sperandum
920 1327 972 1383 elie
990 1318 1132 1383 arbitron*
1159 1324 1208 1382 Ad
1227 1344 1327 1383 annum
1349 1345 1422 1406 147¹

438 1434 498 1481 eam
511 1419 592 1477 refert
601 1419 635 1475 de
651 1418 729 1474 Bure.
768 1414 828 1474 Effe
840 1433 903 1471 eam.
914 1415 1040 1471 excusam
1060 1432 1142 1492 opera
1155 1414 1285 1490 Johanm's
1299 1414 1380 1474 Schuls
1398 1438 1428 1482 er

364 1531 373 1550 ·
426 1510 570 1588 'Augusta
583 1506 794 1587 Vindelicorutn
808 1502 879 1560 intra
896 1523 926 1561 a.
948 1523 1021 1581 ¹470
1042 1516 1069 1560 et
1096 1522 1168 1582 1472
1191 1506 1265 1577 (nam
1285 1501 1357 1560 ihtra
1375 1505 1426 1563 hoe

439 1612 523 1655 annos
535 1596 582 1653 ille
594 1594 729 1653 officinam
742 1590 879 1665 exercuit)
902 1589 1104 1667 deprehendisse
1120 1609 1207 1668 nuper
1225 1588 1276 1647 fibi
1290 1590 1359 1651 visua
1370 1609 1429 1652 erat

441 1683 691 1761 DomMaugcrard
710 1679 750 1755 (in
772 1676 889 1753 Journal
905 1677 1022 1754 enqclop.
1046 1682 1144 1755 *787⁹*
1168 1677 1286 1739 Demi.
1307 1685 1421 1761 Νη)
1449 1743 1452 1748 ,

439 1784 599 1848 comparato
612 1765 744 1825 Terentio
764 1764 784 1823 s.
801 1765 820 1822 l.
834 1778 861 1821 et
878 1784 905 1821 a.
919 1762 948 1820 in
961 1764 1130 1822 bibliotheca
1142 1765 1351 1846 Archiepiscopi
1366 1770 1427 1830 To·

440 1858 544 1927 losani,
559 1876 592 1916 eo
611 1870 733 1932 tempore
752 1850 915 1909 Administri
931 1851 1091 1930 principalis
1112 1871 1202 1911 rerum
1221 1856 1297 1932 regni
1318 1856 1430 1919 Gallia.

335 1987 341 1996 -
442 1967 501 2020 rum
515 1948 626 2005 latente.
663 1945 735 2002 Mox
756 1956 846 2000 tamen
863 1941 932 1999 alius
951 1941 994 2003 tir
1015 1942 1121 2011 doctus,
1141 1961 1296 2023 comparata
1308 1948 1430 2009 versione

441 2036 528 2095 latina
541 2034 731 2093 Homiliarum
744 2030 856 2108 Joannis
869 2029 1056 2107 Chrysostomi
1075 2046 1103 2088 et
1124 2031 1191 2092 libri
1210 2032 1266 2093 IV.
1282 2037 1429 2115 Augustini

440 2126 478 2183 de
500 2123 636 2183 Dollrina
656 2121 820 2189 Christiana,
840 2121 917 2198 prelo
939 2122 1057 2179 Mentelii
1079 2121 1312 2199 Argentoratenlie
1328 2125 1428 2189 librum

441 2215 594 2273 vindicavit
609 2212 691 2288 (ibid.
708 2214 792 2289 1788.
811 2210 902 2286 April.
916 2231 944 2288 p.
962 2230 1014 2288 155
1029 2209 1086 2287 sq.)
1105 2210 1230 2270 Terentii
1251 2214 1356 2274 laudati
1376 2218 1434 2278 ser·

442 2317 524 2361 vatur
536 2301 611 2359 aliud
624 2302 761 2376 exemplat
780 2299 810 2355 in
831 2297 999 2355 bibliotheca
1020 2299 1108 2356 nostra
1131 2300 1309 2363 Academica.
1350 2305 1434 2366 Cete-

443 2410 506 2451 rum
527 2404 603 2447 tanto
624 2386 753 2445 libentius
775 2385 911 2455 intellexi,
930 2383 1080 2454 editionem
1095 2386 1179 2446 'illam
1193 2388 1310 2466 Virgilii
1329 2392 1350 2451 s.
1369 2393 1390 2452 l.
1403 2395 1437 2454 bt

383 2546 387 2551 .
444 2497 471 2537 ι.
496 2480 546 2536 effe
569 2478 600 2535 in
625 2474 774 2534 Germania
799 2488 938 2531 exaratum
950 2499 962 2543 3
979 2494 1042 2530 cum
1064 2474 1132 2532 alias
1149 2474 1220 2534 inter
1234 2475 1351 2555 Virgilii
1370 2481 1431 2540 edi-

443 2565 534 2625 tiones
546 2564 615 2623 Saec.
628 2563 688 2621 XV
701 2582 756 2621 una
768 2576 872 2619 tanturn
895 2560 959 2619 ellet
978 2557 1196 2640 Kobergerianrt.¹
1231 2564 1358 2627 Successit
1377 2583 1432 2629 ter.

445 2652 488 2711 tio
510 2654 572 2710 loco
591 2651 745 2731 Argentina
773 2668 859 2729 1502.
908 2651 970 2709 Nec
993 2650 1058 2709 licet
1080 2652 1190 2729 affeqni,
1210 2655 1351 2731 quomodo
1374 2657 1436 2718 fae-
1455 2707 1462 2716 ..

445 2757 504 2801 tum
527 2741 571 2810 fit,
591 2754 622 2799 ut
642 2760 688 2819 per
707 2741 755 2800 ista
767 2752 890 2817 tempora
902 2737 1020 2817 Virgilii
1037 2738 1120 2796 terr-io
1137 2738 1170 2797 io
1181 2740 1332 2802 Gemania
1344 2759 1434 2808 tanto-

454 2892 456 2899 ,
479 2830 643 2907 refrigeret.

444 2850 477 2911 Pe
485 2918 519 2976 In
532 2917 704 2976 Bibliotheca
717 2914 869 2986 Smithiana
878 2936 941 2994 pag.
963 2918 992 2975 D
1005 2915 1314 2997 Editio->Virgilium
1323 2921 1439 3000 Operm

446 3020 611 3086 mrrnotatur
622 3006 672 3065 fol.
692 3005 718 3064 f..
727 3005 747 3063 l.
761 3025 786 3063 a.
800 3019 828 3062 et
841 3004 1004 3083 typographi
1019 3005 1146 3076 nomine3
1160 3008 1211 3064 effe
1223 3022 1314 3067 tamen
1326 3013 1435 3092 perpul-

446 3117 522 3156 eram
535 3110 563 3155 et
574 3092 733 3154 charaderis
745 3094 897 3176 litterarum
910 3094 944 3149 ad
959 3093 1185 3151 Vindelinianam
1200 3098 1364 3157 accedentis.

486 3187 520 3243 P.
534 3187 568 3243 V.
582 3185 626 3242 M.
639 3208 694 3243 cunr
705 3179 831 3240 comment.
844 3181 945 3249 Samnii,
965 3182 1067 3239 Donati
1076 3199 1101 3240 et
1113 3184 1238 3243 Lanuini.
1252 3187 1300 3245 Ad
1313 3189 1439 3247 calcem:

448 3275 592 3352 Impreffum
608 3275 633 3329 V
630 3281 714 3330 enetir's
721 3286 770 3347 per
776 3272 870 3349 Lig‘am
881 3270 1013 3336 Boariam,
1033 3272 1064 3327 X
1073 3271 1138 3329 Kal.
1153 3272 1223 3346 Jun.
1309 3274 1361 3337 fol.
1375 3276 1395 3334 s.
1409 3295 1440 3336 ε.

487 3359 607 3418 otland
624 3381 652 3438 p.
674 3362 722 3418 62.
749 3363 816 3433 428.
857 3356 954 3415 Maia.
981 3360 1020 3419 T.
1047 3359 1073 3427 I,
1096 3360 1125 3419 P.
1148 3360 1190 3431 ΙΙ,
1209 3383 1238 3440 p.
1264 3370 1333 3443 748.
1371 3364 1438 3438 hd.

450 3452 527 3526 App.
551 3469 583 3526 p.
610 3448 677 3527 560,
696 3462 723 3504 et
737 3447 766 3503 in
780 3445 872 3503 Catal.
898 3445 1030 3507 Biblioth.
1052 3449 1204 3511 Barberinae
1217 3472 1245 3528 p.
1272 3474 1340 3533 529.
1380 3457 1438 3515 De.

449 3539 624 3616 icriptionem
638 3540 695 3615 ejus
705 3536 783 3593 dedit
796 3535 840 3593 vir
853 3535 956 3594 noent.
972 3539 1044 3597 Sam.
1060 3534 1138 3616 Benj.
1154 3539 1281 3610 Reieheh
1295 3544 1438 3605 Prodioec.

448 3644 494 3688 tor
513 3628 658 3705 Gymnafii
682 3625 904 3703 Altenburgensts
926 3625 956 3685 in
981 3628 1075 3705 Progr.
1101 3650 1185 3709 1774.
1225 3629 1311 3693 Extat
1331 3623 1443 3713 quoqlie

350 3789 352 3794 Ι
449 3738 522 3777 nunc
535 3719 630 3783 eadem
642 3718 731 3777 editio
741 3716 771 3773 in
785 3714 918 3774 Biblioth.
932 3718 1023 3775 Aead.
1038 3718 1173 3798 Gotting.
1186 3740 1243 3797 quo
1251 3735 1328 3781 tanto
1340 3723 1440 3796 certior

449 3808 520 3866 mihi
533 3829 605 3867 nunc
617 3805 731 3876 constat,
742 3808 793 3866 elie
805 3826 864 3864 eam
877 3807 1079 3885 repetitionem,
1088 3829 1142 3867 non
1155 3825 1211 3867 tarn
1223 3810 1347 3883 Venetae,
1358 3833 1442 3891 quam

451 3898 617 3957 Florentinae
632 3902 684 3975 1·48
688 3918 702 3973 3
722 3898 765 3955 vel
782 3903 834 3974 148
838 3919 866 3977 ς,
886 3898 999 3974 adjeftis
1009 3920 1118 3977 quoque
1130 3899 1196 3959 inde
1208 3902 1377 3963 carminibus
1388 3903 1442 3964 mi·

449 3987 571 4046 notibus.
625 3987 766 4044 Praefixum
786 3986 833 4054 est,
861 4006 895 4044 ex
921 3987 1015 4046 eadem
1039 3991 1133 4066 utique
1153 3991 1288 4062 editione,
1315 3991 1444 4071 Chphori

449 4076 571 4135 bandini
599 4076 753 4136 Florentini
776 4076 938 4152 prooemium
963 4078 999 4135 ad
1025 4077 1135 4137 Petrum
1160 4080 1315 4150 Mediccm,
1340 4081 1448 4162 Magni

448 4163 593 4224 Laurentii
603 4164 700 4222 tilium.
742 4164 914 4221 Memoratur
925 4166 955 4223 in
973 4187 1007 4227 eo
1019 4166 1091 4228 inter
1104 4170 1156 4226 alia
1167 4171 1326 4247 conjuratio
1335 4171 1369 4230 'in
1380 4172 1445 4234 Me·

354 4319 356 4324 A
449 4254 557 4312 diceam
577 4252 711 4311 familiam
730 4266 759 4310 et
772 4251 913 4309 Laurentii
924 4256 1032 4314 reditus
1044 4257 1075 4313 in
1097 4259 1209 4316 urbem:
1230 4279 1286 4337 qno
1298 4260 1359 4340 ipso
1370 4275 1452 4341 patet<

449 4362 506 4496 plora
519 4343 569 4401 nist
581 4343 639 4421 post
651 4361 677 4399 a.
692 4347 763 4418 ¹478
776 4355 804 4397 et
819 4362 892 4421 14t9
906 4358 934 4400 et
944 4360 1006 4406 antc
1030 4362 1101 4425 1492
1112 4348 1183 4408 illud
1196 4348 1328 4430 scriptum
1341 4371 1359 4409 a
1370 4351 1445 4410 Lao·

471 4436 519 4495 ino
533 4438 593 4496 elle.
809 4486 810 4490 η
858 4461 861 4467 ·
939 4450 943 4458 '

490 4526 670 4610 Vr'rga'liuscum
683 4537 743 4602 notis
756 4529 853 4591 Servii.
889 4527 990 4592 venet
1319 4532 1407 4595 fols.
1420 4554 1446 4594 a.

1026 4637 1046 4701 r
1360 4620 1448 4703 Apud
