3575 5509
329 1723 331 1727 v
406 1683 480 1744 Cois.

483 620 1228 771 Ι’(3101161601111111·
1326 710 1394 795 325
1483 767 1485 769 ,

407 888 527 985 Atque
545 886 778 983 indignatum
795 884 937 981 magnis
954 884 1163 956 stridoribus
1182 909 1315 982 aequor,
1349 944 1350 949 1
1436 987 1438 991 Α

330 1091 334 1098 .
404 1024 502 1117 Julia
517 1047 587 1117 qua
604 1039 718 1117 ponto
734 1022 840 1117 longe
858 1019 957 1090 sonat
974 1020 1068 1091 unda
1085 1020 1212 1107 refus0‚
1326 1022 1392 1117 163

405 1167 680 1264 ‘Tyrrhenusque
696 1166 793 1241 fretis
810 1163 1006 1237 inmittitur
1022 1163 1126 1235 aestus
1143 1165 1322 1241 Avernis?
1360 1143 1365 1157 ’

438 1365 495 1417 162.
510 1368 592 1431 magnis
603 1363 724 1429 clauoribus
735 1362 852 1410 Aretinus
869 1360 895 1409 in
914 1362 976 1426 Epp.
992 1361 1083 1423 laudat,
1100 1364 1165 1428 quod
1182 1364 1301 1429 probabat
1312 1364 1394 1418 Waffe

598 1441 629 1489 ad
640 1439 732 1489 Sallust.
744 1438 761 1488 1.
772 1438 911 1498 1.-164,
925 1442 1011 1495 Averni
1021 1440 1088 1491 Toll.
1105 1454 1130 1490 et
1141 1444 1208 1490 Serv.

406 1606 543 1743 Agrippja,
572 1607 606 1667 L.
638 1606 760 1666 Canidio
786 1569 888 1664 Gallo
921 1608 1048 1687 operibus
1070 1610 1244 1682 adstrudlum,
1264 1633 1320 1691 quo
1335 1613 1395 1691 ipso
1456 1565 1461 1584 =
1509 1629 1511 1639 '

405 1760 423 1815 s
460 1779 471 1820 t
519 1686 586 1820 ῥοῇ
603 1707 679 1821 iil.
698 1699 875 1819 ciirewiiii
921 1688 1395 1825 &gfffgffsse‘lgssdffi‘festllflfil

403 1783 512 1920 giridet
532 1785 697 1920 Odtiivianus
719 1838 824 1906 Caesar,
844 1853 875 1895 ut
923 1838 1019 1908 Plinii,
1037 1861 1073 1897 ex
1086 1786 1175 1898 iiostro
1187 1845 1392 1914 adumbratum,

404 1917 555 1978 reficiendis
577 1917 697 1974 claffibus
717 1917 809 1972 locum
831 1929 874 2003 tu·
925 1912 1075 1985 XXXVI,
1098 1939 1144 1996 15,
1162 1919 1182 1975 s.
1197 1941 1245 1994 ²4·
1269 1942 1300 1979 12
1325 1947 1395 1980 mare

404 2012 464 2053 tum
476 1996 597 2083 haberet,
619 1993 751 2081 Agrippae
762 1992 876 2049 consilio
926 1994 1095 2082 Tyrrhenum·
1106 2020 1136 2083 a·
1156 1996 1263 2056 Lucrino
1281 1999 1415 2087 tualibus,

404 2087 513 2153 portum
526 2073 655 2145 BaJanum
669 2090 698 2127 tn
711 2068 876 2126 finuPuteo·
915 2072 1210 2146 stclusum,n1m1rum,
1240 2075 1308 2131 ostro
1334 2088 1393 2131 tan-

303 2171 305 2177 '
403 2154 468 2208 lano
482 2148 564 2223 (inter
585 2146 662 2204 Baiae
685 2161 713 2203 et
737 2145 872 2219 Puteolos)
906 2161 983 2205 tum
995 2163 1088 2225 portus
1102 2148 1205 2208 relidio.
1245 2171 1390 2229 aequorau·

403 2225 620 2285 commodiorem
637 2237 665 2281 et
684 2221 814 2281 tutiorem
836 2221 875 2279 ita
923 2238 979 2282 tem
991 2229 1047 2283 iudi
1062 2226 1183 2296 nubatur,
1203 2247 1235 2283 ea
1246 2244 1404 2306 parte‚qua=

403 2301 537 2369 reddidit,
565 2316 611 2358 aut
647 2300 735 2360 verius
772 2320 874 2358 novum
922 2305 992 2360 unda
1001 2250 1079 2376 Juii'a
1082 2307 1159 2377 sonat
1176 2320 1250 2380 ponto
1266 2305 1337 2385 longe
1350 2331 1389 2363 re·

403 2396 513 2459 portum
526 2379 643 2457 aperuit,
662 2393 693 2439 ut
708 2379 797 2441 lacum
818 2376 874 2434 Lu·
911 2383 986 2455 fuso,
1005 2380 1033 2440 h.
1054 2399 1107 2456 qua
1120 2396 1213 2456 portus
1229 2381 1317 2455 Julius
1337 2382 1389 2450 imf

404 2462 523 2527 crinum,
556 2456 696 2533 interjedlo
727 2474 824 2532 aggere
856 2474 873 2511 a
921 2456 998 2514 millo
1024 2457 1093 2514 mari
1118 2473 1177 2515 erat
1201 2460 1331 2531 effedlus3
1351 2484 1391 2534 re->

403 2535 627 2613 rnarixseclusum,
640 2554 702 2593 eum
714 2532 775 2589 lacu
786 2532 871 2589 Aver·
910 2540 999 2612 fusus,
1019 2550 1049 2591 ut
1068 2534 1136 2611 saepe
1159 2534 1216 2593 fieri
1236 2536 1312 2601 solet,
1332 2556 1390 2595 non
1429 2548 1431 2556 '

404 2635 455 2682 no,
484 2615 533 2690 qui
556 2611 600 2669 isti
623 2610 775 2687 adjacebat,
805 2628 870 2667 con·
919 2612 1084 2670 contrariam
1098 2626 1144 2668 aut
1162 2611 1285 2670 iteratam
1299 2613 1386 2671 adlio-

399 2693 536 2770 jungeret,
549 2701 776 2767 aggerem-autem
788 2687 871 2744 modo
918 2706 981 2745 nem
1002 2703 1089 2753 notat,
1110 2688 1155 2745 sed
1177 2690 1307 2767 simplicis
1329 2686 1393 2751 vim'

403 2771 519 2835 dietum,
539 2767 587 2844 qui
602 2764 789 2823 Vstadiorum
801 2777 869 2832 erat.
918 2764 1008 2827 habet.
1036 2765 1116 2844 Poffn
1129 2765 1239 2842 quidem
1251 2783 1279 2824 et
1292 2768 1330 2826 ita
1342 2789 1389 2827 ac-

401 2847 547 2905 latitudine
567 2844 615 2903 vix
641 2841 737 2920 quadri
757 2840 780 2897 is
802 2839 870 2897 reci·
918 2841 987 2919 pipi,
1002 2856 1032 2899 ut
1052 2857 1149 2921 pontus
1163 2863 1184 2902 a
1207 2845 1279 2901 mole
1303 2865 1386 2923 agge.
1430 2892 1431 2895 ,

401 2925 509 3003 piendis
534 2941 582 2998 par
612 2919 714 2999 (Strab.
771 2959 779 2975 .
807 2936 869 2993 pag.
918 2917 955 2975 ris
981 2919 1011 2976 in
1037 2938 1109 2976 mare
1126 2920 1239 2996 projedli
1265 2921 1386 2990 refundi,

401 3007 484 3080 245),
515 3001 653 3077 postquam
684 3015 718 3052 eo
756 2994 870 3073 perfollo
919 2996 1030 3072 reprimi
1044 2996 1176 3062 videatur,
1190 3012 1219 3052 ut
1229 3017 1272 3074 ap.
1282 2997 1388 3057 Lucan.

401 3080 507 3137 aditum
520 3077 634 3137 navibus
655 3073 685 3130 in
701 3088 810 3149 portum
830 3071 870 3128 fe·
917 3073 958 3141 II,
977 3078 1033 3153 617
1052 3072 1170 3131 violentos
1195 3075 1277 3149 insuda
1313 3077 1388 3135 Coros

401 3171 485 3223 cerat,
504 3156 544 3213 ita
557 3154 685 3221 munitet,
705 3147 868 3207 utafluffi·
918 3150 1039 3229 Excipere
1052 3156 1128 3225 saxis
1150 3150 1276 3229 lapsasque
1300 3158 1388 3228 refun-

401 3234 452 3291 bus
464 3232 583 3310 superari
597 3230 732 3308 nequiret,
742 3226 868 3285 navibus·
917 3232 975 3287 dere
998 3230 1078 3286 undas
1102 3225 1224 3284 dieitur:
1251 3228 1295 3285 sed
1319 3230 1386 3287 alter

402 3325 455 3386 que
475 3315 547 3367 tutus
568 3310 637 3366 intra
656 3326 720 3364 eum
742 3306 809 3367 effer
828 3323 869 3361 re·
917 3306 1006 3363 versus
1026 3305 1061 3361 ad
1080 3304 1203 3361 eamdem
1228 3304 1387 3364 sententiam

402 3400 503 3463 ceptus.
523 3385 596 3442 Hic
615 3388 705 3443 Portus
718 3381 807 3458 Julius
819 3402 868 3438 vo·
916 3382 1119 3460 exprimendam
1131 3382 1220 3437 valet:
1243 3381 1387 3459 Tyrrhenus

401 3478 485 3520 catus.
504 3462 561 3518 vid.
587 3461 697 3519 Sueton.
721 3461 796 3535 Aug.
823 3462 867 3519 16.
917 3466 1001 3539 estus,
1019 3460 1048 3517 h.
1063 3479 1135 3516 mare
1146 3460 1264 3527 aestuans,
1283 3458 1387 3517 immit-

402 3538 508 3597 Excisae
532 3553 590 3595 tum
614 3538 694 3606 srlvae,
723 3557 784 3615 quae
809 3538 870 3596 loca
916 3538 994 3604 titur,
1026 3556 1073 3614 per
1109 3556 1139 3593 os
1180 3551 1283 3614 portus,
1305 3544 1387 3614 fretis

400 3618 493 3675 vicina
509 3643 519 3659 ν
538 3614 718 3691 occupabant.
777 3613 868 3671 Locus
893 3685 896 3690 .
916 3618 1042 3681 Auernis,
1062 3614 1092 3670 h.
1106 3613 1179 3670 lacui
1193 3614 1315 3681 Averno,
1336 3616 1385 3693 qui

401 3695 518 3753 clafficus
561 3692 597 3751 est
640 3691 712 3767 apud
748 3688 868 3747 Dionem
916 3711 967 3767 pro
986 3690 1085 3748 intimo
1097 3706 1190 3768 portus
1203 3689 1300 3748 recellu
1313 3708 1384 3766 erat⁸

401 3769 546 3836 XLVIII,
568 3789 617 3847 50,
636 3768 690 3824 alia
710 3765 786 3823 dedit
800 3765 868 3821 Clu·
917 3783 945 3825 et
967 3769 1004 3825 ad
1029 3788 1110 3845 quem
1132 3787 1147 3823 e
1173 3768 1295 3825 Lucrino
1319 3770 1386 3839 folla

399 3870 454 3906 ver.
470 3847 532 3903 Ital.
552 3860 606 3902 ant.
621 3844 677 3913 IV,
695 3864 724 3901 2.
763 3843 869 3912 Adver.
916 3845 998 3902 duda
1009 3859 1076 3901 erat.
1098 3844 1192 3901 Lucan
1205 3844 1245 3913 II,
1257 3846 1314 3903 616
1332 3848 1386 3907 Nec

398 3928 442 3985 sus
468 3924 601 3988 Servium,
633 3923 681 3999 qui
703 3920 781 3997 plura
805 3919 868 3976 mis·
915 3922 1054 3993 tamenboc
1071 3928 1134 3980 artis
1156 3928 1283 4000 immffrm
1293 3930 1386 4002 fauci-

399 4004 470 4071 cuit,
492 3999 612 4078 disputat
635 4000 755 4056 Ouwens
769 3996 808 4054 N.
825 3994 866 4054 H.
917 3998 1059 4078 busaequor
1075 4000 1162 4056 Portus
1181 4017 1247 4058 erat.
1280 3999 1384 4067 Imma*

397 4104 426 4160 p.
454 4084 518 4158 581.
558 4078 685 4136 Praelatus
711 4090 800 4132 tamen
827 4074 868 4131 se·
916 4089 1005 4134 tavere
1022 4076 1146 4133 locorum
1160 4076 1272 4133 faciem
1297 4079 1342 4133 lon
1367 4098 1383 4137 a

398 4157 495 4237 quenti
520 4170 641 4233 ternpore
661 4161 753 4231 portus
780 4150 866 4210 Mise·
915 4168 992 4222 aetas,
1011 4167 1140 4210 terrarum
1161 4153 1246 4210 ruinae
1265 4168 1292 4213 et
1319 4098 1382 4215 sub·
1446 4172 1449 4183 ¹

396 4258 457 4294 nus.
508 4237 646 4291 Memorat
674 4231 766 4307 itaque
785 4236 868 4307 poeta
913 4229 1029 4288 terranei
1042 4230 1129 4308 ignes,
1148 4229 1272 4307 inprimis
1283 4232 1386 4291 Monte

363 4356 366 4360 .
397 4311 643 4392 porrumJulium;
664 4328 743 4386 quem
766 4306 801 4364 fic
822 4327 866 4363 or·
914 4309 999 4366 Novo
1022 4318 1131 4375 exorte,
1163 4306 1213 4371 ita.
1247 4322 1278 4363 ut
1307 4328 1381 4371 nunc

396 4391 489 4449 navit:
506 4405 592 4465 portus
606 4391 757 4474 Lucrinoque
776 4387 866 4442 addita
913 4387 982 4442 adeo
993 4386 1029 4443 de
1048 4386 1097 4441 situ
1116 4397 1144 4441 et
1162 4383 1281 4461 vestigiis
1303 4384 1384 4459 hujus

396 4471 517 4546 claustra,
536 4467 564 4523 h.
579 4485 705 4543 aggerem
717 4462 796 4518 illum
811 4481 865 4519 non
912 4477 1004 4539 portus
1027 4461 1098 4519 inter
1121 4459 1194 4517 viros
1214 4462 1308 4519 dodlos
1330 4460 1384 4517 dis-

398 4544 710 4626 rumprimuml'atium,
729 4539 866 4604 seduovis
912 4555 1031 4619 putetur.
1070 4537 1127 4604 vid.
1154 4536 1230 4597 Pauli
1264 4536 1382 4614 Antiqq.
1440 4610 1442 4613 Α
1490 4554 1492 4557 ’

1241 4614 1382 4682 Puteolan.
