3575 5509
575 696 933 778 CODICIRUS
974 699 1083 776 MSS.
1213 726 1320 779 xsvrr

344 937 427 992 anus
441 905 615 993 Asterius,
640 900 705 1001 qui
729 922 825 974 anno
841 896 977 973 Christi
997 925 1071 997 494
1090 897 1324 976 Consulatum

317 1110 319 1118 ,
343 1035 452 1140 gessit,
475 1053 513 1110 et
536 1057 558 1106 e
578 1027 682 1128 cujus
705 1023 908 1098 recenfione
931 1024 1095 1099 Sedulius
1115 1024 1324 1098 emendatus

342 1159 493 1238 Rhemis
507 1155 675 1231 servatur.
726 1148 811 1222 Vid.
824 1150 870 1223 de
885 1150 955 1224 hoc
974 1150 1052 1221 viro
1066 1146 1185 1220 Noris.
1204 1148 1323 1221 Ceno-

342 1282 440 1380 taph.
459 1276 530 1353 Pis.
548 1299 635 1374 pag.
663 1273 747 1367 446.
788 1272 1000 1360 ,ΤίΙΙοιῃοηῑ
1028 1270 1113 1364 last.
1139 1273 1194 1343 des
1222 1271 1335 1367 simp.

344 1405 389 1480 T.
419 1403 487 1493 IV,
511 1424 593 1498 cap.
624 1401 680 1473 18.
733 1395 922 1471 Fontanini
939 1395 1038 1468 Hist.
1064 1394 1134 1467 litt.
1161 1397 1322 1492 Aquilei.

344 1552 430 1628 pag.
459 1549 533 1622 234
559 1521 635 1626 sqq.
676 1520 856 1595 Relandus
886 1518 978 1592 Fast.
1010 1516 1115 1592 Cons.
1143 1521 1188 1593 ad
1215 1545 1247 1595 a.
1275 1521 1321 1594 C.
1359 1588 1367 1601 ,

332 1672 432 1746 494,
461 1644 647 1719 Wiltbem.
675 1643 775 1741 App.
807 1643 853 1717 ad
889 1642 1065 1740 Diptych.
1097 1643 1209 1719 leod.
1243 1645 1322 1744 (ubi

346 1770 434 1843 alius
467 1767 610 1842 Flavius
638 1764 811 1862 Astyrius,
833 1764 898 1862 qui
928 1765 976 1838 A.
1011 1764 1054 1837 C.
1085 1792 1157 1865 449
1193 1765 1325 1842 Consul

347 1890 426 1980 fuit,
451 1890 669 1974 illustratur;
705 1890 799 1962 hunc
826 1887 1013 1961 Asturium
1049 1889 1228 1963 diversum
1255 1890 1324 1965 esse

345 2011 668 2100 anostro'Asterio,
693 2034 805 2109 nuper
821 2009 954 2083 iterum
970 2011 1094 2084 docuit
1110 2011 1325 2088 doetiffimus

348 2135 476 2208 Saxius
498 2134 536 2206 in
552 2131 782 2207 Onomastico
807 2158 844 2231 p.
870 2134 959 2230 494)
986 2133 1072 2206 Nic.
1087 2133 1226 2207 Heins.
1251 2136 1276 2207 Ι.
1300 2139 1326 2208 l.

351 2253 436 2350 Jam
459 2279 545 2330 cum
563 2254 636 2354 ejus
655 2255 829 2331 diversaa
849 2257 983 2354 reliqua
1005 2255 1177 2356 scriptura
1202 2282 1327 2332 manus

351 2377 407 2467 fit,
443 2399 481 2452 et
506 2379 630 2469 codex,
661 2403 773 2478 quem
805 2377 1068 2452 emendandum
1105 2379 1329 2479 suscipiebat,

344 2503 421 2603 jam
436 2505 585 2580 antehac
602 2505 756 2604 scriptus
769 2504 837 2579 esse
852 2504 1028 2594 debuerit,
1052 2506 1098 2578 ad
1116 2507 1196 2581 saec.
1215 2507 1268 2580 IV
1291 2525 1329 2593 et

349 2628 554 2701 remotiores
574 2628 664 2702 adeo
681 2627 763 2702 saec.
783 2627 821 2700 ΙΙ
842 2650 953 2700 annos
970 2645 1115 2701 aetatem
1138 2627 1212 2727 ejus
1237 2628 1328 2726 reje-

353 2769 434 2820 cere
456 2746 522 2821 viri
545 2747 641 2823 dotti
668 2745 829 2821 Noristus
854 2749 879 2821 l.
909 2749 935 2820 l.
961 2768 996 2822 et
1026 2748 1202 2822 Bottarius
1218 2750 1342 2847 'praes'
1468 2807 1472 2814 .

352 2868 447 2943 laud.
475 2895 514 2967 p.
545 2870 611 2944 lv.
663 2868 765 2968 Qud
789 2889 911 2942 tamen
940 2870 966 2940 ii
994 2870 1240 2966 reponendum
1265 2875 1330 2946 ha·

352 2991 552 3090 beant,ips1
569 2993 731 3083 viderint,
748 2993 774 3066 st
795 2994 977 3090 quiscum
994 2993 1063 3065 ΡΡ.
1082 2995 1331 3083 Βεῃεάἰέὶίῃίε,

353 3141 423 3192 non
447 3118 552 3191 sacile
570 3118 633 3192 nist
650 3119 845 3194 admodum
865 3142 987 3192 recens
1007 3118 1179 3216 scriptum
1200 3121 1331 3194 librum
1411 3148 1415 3154 ·

354 3241 573 3315 emendatori
595 3242 764 3316 traditum
782 3242 896 3331 suisse,
919 3241 1111 3314 contendat
1123 3276 1134 3324 ;
1158 3265 1231 3337 quo
1255 3243 1332 3341 ipso

355 3363 507 3437 efficitur
542 3365 622 3454 hoc,
658 3385 699 3438 ut
727 3389 798 3439 non
829 3365 893 3437 nisi
926 3366 1023 3437 circa
1048 3365 1159 3438 finem
1191 3364 1271 3439 saec.
1300 3367 1332 3440 V

356 3503 538 3557 exaratum
565 3509 649 3558 eum
669 3485 833 3593 codicem
864 3485 1008 3558 credere
1030 3484 1081 3557 sas
1098 3485 1151 3558 srt.
1241 3488 1332 3560 uid?

357 3606 470 3703 quod,
493 3607 556 3682 nist
593 3608 774 3707 scripturae
811 3610 991 3682 charaeter
1021 3608 1266 3699 intercederet,
1289 3635 1334 3683 ex

357 3732 612 3831 subscriptione
637 3737 698 3809 illa
726 3760 772 3809 ne
802 3737 870 3809 hoc
901 3737 1049 3833 quidem
1071 3754 1149 3808 tuto
1176 3759 1336 3833 pronun-

356 3859 446 3934 tiare
457 3859 571 3957 poffis.
607 3860 727 3935 Solent
745 3860 843 3934 enim
859 3862 916 3933 hae
933 3859 1203 3955 subscriptiones
1214 3881 1338 3930 emen-

356 3985 525 4061 datorum
549 3986 588 4057 in
610 3983 694 4081 ipsis
719 3983 944 4083 sequentium
966 3984 1191 4060 librariorum
1212 4005 1339 4057 'exem-

356 4111 529 4206 plaribus,
551 4133 635 4206 quae
661 4111 735 4185 istis
761 4109 1047 4184 emendatoribus
1076 4110 1191 4181 multo
1217 4131 1340 4179 recena

246 4215 251 4232 ’
357 4234 450 4306 tiota
465 4232 556 4322 sunt,
581 4236 718 4333 repeti;
744 4258 817 4331 quo
833 4234 911 4333 ipso
927 4235 1044 4306 omnis
1061 4256 1182 4311 earum
1200 4231 1287 4302 fides
1304 4252 1341 4306 et

355 4353 546 4429 auctoritas
567 4357 784 4456 infringitur.
818 4359 998 4455 Exempla
1009 4355 1083 4456 ejus
1097 4357 1159 4443 rei,
1175 4379 1220 4426 ne
1234 4354 1271 4426 in
1287 4353 1343 4424 his

355 4476 568 4570 haereamus,
592 4499 690 4583 petat
713 4482 844 4581 aliquis
866 4508 902 4555 v.
932 4506 966 4555 c.
1000 4505 1043 4553 ex
1082 4470 1344 4550 Wilthem.‘ad

1168 4592 1344 4693 Diptycb.
