3575 5509
398 722 527 780 rxvrrr
652 689 739 766 DE
786 678 1112 760 VIRGILII

390 897 512 978 facere
534 887 595 966 vix
611 887 706 975 licet,
737 880 803 956 nisr
827 882 927 980 quod
948 881 1028 954 satis
1052 889 1209 953 recentes
1227 876 1297 952 effe
1317 869 1415 998 κιίἰ·Ι

395 1029 537 1101 dentur.
1421 1010 1424 1015 ’

457 1144 582 1220 Etiam
605 1139 734 1210 duorum
762 1128 995 1226 Hamburgerff
991 1152 1056 1215 um,
1080 1150 1170 1223 quos
1196 1150 1286 1199 cum
1295 1126 1380 1199 vul

397 1288 482 1371 gata
497 1267 648 1340 lesbione
665 1256 834 1334 Heinsius
852 1255 1063 1341 contulerat,
1087 1254 1294 1326 varietatem
1310 1252 1378 1325 ad

324 1459 325 1464 ,
398 1392 585 1490 scripserat
602 1385 770 1464 Cortius;
795 1379 942 1454 tandem
959 1377 1150 1471 Bastlecrfis
1163 1379 1379 1453 'veterrimas

316 1589 319 1598 ,
399 1513 625 1592 membranas
639 1508 678 1580 in
693 1493 852 1599 Felogis,
884 1500 1019 1596 Georg.
1038 1503 1062 1574 1*
1074 1516 1110 1571 et
1126 1498 1213 1573 AEn.¹
1232 1498 1327 1590 XII,
1353 1521 1377 1594 7

398 1639 632 1771 inspexerat
668 1628 744 1701 Diu
772 1624 958 1697 haerebam
981 1623 1096 1695 animi
1112 1622 1266 1710 dubius,
1288 1619 1380 1718 quid

398 1765 455 1840 his
472 1757 586 1855 copiis
604 1754 772 1838 facerem,
797 1771 881 1820 cum
899 1744 978 1841 jam
1003 1746 1040 1817 in
1060 1745 1171 1818 altero
1195 1741 1382 1820 volumine

400 1881 559 1983 Virgilii
575 1875 740 1963 versarer,
763 1869 908 1968 quando
931 1868 1011 1941 illae
1022 1868 1068 1940 ad
1087 1891 1148 1939 me
1173 1890 1382 1964 pervenere,

400 2034 519 2109 neque
548 2002 753 2092 consultum
776 1996 1001 2081 uideretur,
992 2020 1029 2068 rn
1055 1994 1215 2067 instituto
1240 1995 1381 2091 aliquid

288 2209 290 2213 ,
399 2150 562 2213 mutare;
585 2121 674 2202 ¹mon
690 2147 786 2212 vero,
802 2119 942 2194 exeuffo
952 2119 1016 2190 illo
1032 2119 1182 2216 opipare
1198 2138 1382 2218 apparatu·

402 2257 575 2343 intellexi,
604 2251 632 2325 fi
656 2250 740 2323 meo
763 2246 911 2321 confilio
936 2248 974 2319 in
991 2243 1207 2317 recensendo
1227 2246 1383 2344 Virgilio
1411 2224 1414 2234 ¹

401 2387 648 2477 obtemperare
661 2375 801 2460 vellem,
817 2398 861 2445 ne
871 2373 1019 2472 quidem
1028 2368 1199 2468 apponia
1210 2397 1270 2445 me
1284 2373 1384 2469 posse

402 2510 493 2579 hanc
511 2498 675 2573 variantis
691 2496 850 2569 leelionis
873 2498 1019 2581 filvam;
1043 2499 1205 2570 meliores
1220 2496 1317 2569 enim
1334 2521 1382 2571 ex

403 2629 447 2701 iis
464 2624 681 2699 membranis
693 2622 773 2722 jam
791 2622 959 2696 Heinsrus
976 2607 1173 2730 diligenter<
1191 2600 1382 2719 compara-

402 2768 521 2833 verat;
548 2764 689 2822 caeterae
716 2748 789 2821 sere
819 2750 1031 2822 recentiores
1057 2750 1150 2839 sunt,
1173 2768 1209 2837 et
1232 2733 1384 2821 varietas

402 2877 488 2949 hinc
505 2868 672 2969 decerpta
685 2874 730 2945 ad
743 2873 858 2971 lapsus
872 2874 944 2947 sere
960 2875 1185 2947 librariorum
1203 2890 1238 2945 et
1247 2896 1382 2948 errores

401 2998 574 3071 sollennes
592 2994 697 3085 redit,
720 3021 875 3093 quorum
892 2994 1383 3095 enotationeVirgiliumjam

403 3120 450 3193 fic
467 3120 623 3192 nimium
640 3137 824 3190 oneratum
842 3116 1019 3205 videbam,
1045 3143 1110 3192 nec
1136 3118 1293 3194 fruslum
1319 3148 1384 3196 ex-

402 3242 545 3375 perstare
559 3260 732 3338 poteram,
753 3264 861 3337 quem
878 3239 962 3312 inde
984 3243 1167 3339 pereipere
1185 3247 1320 3333 liceret,
1346 3246 1383 3336 sr,

341 3344 350 3369 ⁸
404 3362 569 3458 inprimis
598 3364 637 3434 in
661 3361 813 3435 lessione
825 3361 1045 3460 jamdudum
1069 3369 1161 3442 reele
1182 3363 1384 3460 constituta,

404 3508 469 3556 nec
487 3485 597 3556 dubia
613 3503 674 3557 aut
690 3485 851 3573 obscura,
874 3485 1037 3583 vulgares
1049 3489 1279 3570 librariorum
1294 3494 1386 3566 allu.

404 3622 599 3677 cinationes
609 3604 800 3677 sexcenties
813 3629 1053 3702 recoquerem
1104 3612 1160 3684 Ita
1175 3613 1386 3710 saepiustae-

404 3726 466 3800 dio
488 3750 529 3798 ac
548 3726 764 3823 poenitentia
772 3728 910 3801 vidium
927 3755 986 3802 me
1003 3736 1167 3826 memini,
1191 3735 1290 3832 quod
1309 3738 1385 3811 lec-

405 3848 540 3945 tionem
563 3848 738 3922 librorum
754 3850 1005 3927 Gothanorum
1029 3882 1210 3953 apponere
1222 3861 1386 3933 institue-

404 3994 493 4042 ram.
544 3972 611 4044 Per
631 3991 746 4048 totum
763 3979 860 4050 enim
887 3979 1084 4099 Virgilium
1100 3982 1164 4055 vix
1190 4007 1302 4056 unum
1329 3986 1387 4056 lo-

402 4112 490 4169 cum
507 4118 591 4167 novr
581 4096 733 4169 melius
751 4123 793 4172 ex
810 4098 854 4171 iis
871 4090 1116 4179 constitutum.
1166 4104 1387 4202 Persequen-

403 4212 492 4287 dum
509 4232 629 4291 tamen
644 4237 719 4292 erat
734 4221 907 4319 religiose,
931 4228 1028 4324 quod
1044 4228 1151 4301 semel
1165 4252 1384 4325 receperam.
1414 4213 1423 4232 ¹

403 4319 573 4429 Inspexi
564 4356 683 4437 itaque
705 4338 918 4421 Cortianum
940 4366 1153 4447 apparatum
1176 4368 1318 4423 tantum
1347 4352 1396 4421 in*

1300 4471 1388 4546 locis
