3575 5509
750 654 772 771 [
820 654 979 768 oixt']
1047 712 1049 716 >

372 1007 1358 1066 affl

824 1240 1013 1357 DE·

440 1475 697 1580 u1TA
764 1415 1269 1670 vincturi

361 1877 480 2033 DE
497 1931 580 2017 Vita
607 1930 752 2042 Virgilii
783 1948 899 2019 multa
933 1944 1013 2020 sunt
1038 1962 1199 2017 veterum
1216 1942 1379 2048 Grani..

360 2066 581 2174 maticorum
605 2089 824 2157 commenta,
848 2052 944 2167 quae,
970 2088 1156 2167 tamquam
1181 2086 1291 2141 certae
1316 2088 1352 2141 et

359 2182 557 2277 exploratae
583 2183 681 2270 fidei,
706 2183 843 2281 sequuti
869 2186 951 2257 sunt
972 2186 1044 2274 alii,
1068 2206 1129 2259 aut
1150 2187 1194 2259 iis
1216 2190 1352 2263 relictis

360 2330 471 2378 novas
500 2308 728 2380 ariolationes·
749 2326 784 2380 et
809 2308 1027 2407 conjeeturas
1049 2310 1100 2382 ita
1123 2311 1351 2408 proposuere,

358 2430 458 2530 quast
475 2455 527 2502 res
561 2431 612 2502 ita
638 2430 752 2529 gestas
777 2448 971 2502 narrarent.
1024 2434 1111 2505 Non
1130 2432 1280 2527 quidem
1309 2432 1361 2506 id.

360 2554 512 2651 agimus,
524 2571 564 2625 ut
581 2578 703 2626 eorum
716 2551 902 2627 censuram
914 2578 1010 2625 nunc
1023 2551 1269 2651 suscipiamus,
1284 2580 1349 2628 ne·
1427 2622 1431 2630 ,

358 2703 430 2775 que
441 2679 544 2750 nobis
560 2678 605 2751 ad
620 2703 743 2752 omnes
755 2702 828 2767 eos,
840 2678 902 2775 qui
914 2678 985 2751 five
1002 2680 1040 2752 in
1056 2661 1270 2777 scriptorum
1286 2706 1351 2754 ve·
1452 2772 1455 2775 .

359 2822 480 2878 terum
497 2800 641 2874 recensu
662 2802 734 2873 five
754 2802 902 2899 proprio
920 2805 1079 2899 quodam
1098 2805 1248 2877 consilio
1265 2804 1350 2877 Vir.

358 2929 438 3027 gilii
463 2930 578 2998 vitam
593 2925 818 3026 scripserunt,
843 2927 1057 3000 evolvendos
1074 2926 1155 3001 satis
1179 2929 1246 3000 otii
1263 2928 1350 3036 sup5

359 3055 465 3154 petit;
483 3053 510 3125 fi
524 3071 645 3124 tamen
657 3075 729 3140 eos,
740 3052 802 3147 qui
819 3052 901 3147 post
917 3051 1074 3124 Ruaeum
1090 3074 1133 3148 ae
1151 3051 1317 3146 Baylium
1329 3056 1349 3093 ¹*

359 3205 470 3277 nugas
488 3178 553 3251 sub
573 3173 864 3265 Donati,·Probi,
890 3198 932 3246 ac
957 3171 1071 3244 Servii
1093 3171 1239 3243 nomine
1262 3195 1352 3244 ven·
1431 3268 1436 3278 ⁸

359 3302 463 3388 ditas,
487 3299 653 3398 rejecere,
679 3298 718 3368 in
735 3296 864 3391 primis
879 3294 1095 3380 Martinum,
1121 3292 1356 3386 Wartonum„
1388 3319 1391 3324 ·

361 3424 566 3499 Crufium†
588 3419 757 3506 excutias,
783 3419 897 3490 multa
925 3415 1052 3514 paffim
1067 3422 1351 3505 commemorari

358 3548 491 3633 videas,
501 3571 581 3643 quae
599 3569 684 3617 cum
701 3539 919 3639 conjeeturae
935 3542 1016 3614 loco
1032 3566 1053 3614 a
1069 3541 1154 3613 viris
1167 3545 1350 3647 nonnullis

360 3670 476 3743 donis
494 3670 583 3741 olim
605 3665 787 3764 proposita
805 3663 958 3750 fuissent,
975 3689 1071 3737 nunc
1094 3665 1166 3738 fine
1187 3667 1259 3740 ulla
1280 3667 1350 3741 du-

360 3792 534 3866 bitatione
549 3780 736 3885 tamquam
753 3789 890 3884 antiqui
907 3788 1057 3887 alicujus
1076 3790 1260 3888 scriptoris
1278 3794 1352 3866 fide

361 3937 398 3992 et
413 3918 622 3999 autioritate
635 3912 781 3985 suffulta
797 3910 1043 3985 exhibeantur.
1078 3914 1174 3987 Cum
1190 3916 1236 3987 de
1250 3933 1350 3992 tanto

402 4129 419 4161 ⁸
440 4120 474 4180 In
487 4125 664 4183 Dillionnaire
677 4124 743 4182 Art.
760 4123 786 4178 V
785 4120 868 4201 irgile.
906 4132 908 4135 ’

400 4210 419 4268 †
439 4212 571 4291 Martyn's
583 4216 643 4293 Lffe
660 4219 695 4291 of
702 4212 790 4292 Virgil
806 4209 885 4289 praef.
903 4209 981 4268 Edit.
996 4208 1151 4271 Bucolicor.
1193 4210 1301 4267 Warton
1320 4205 1351 4262 in

359 4301 480 4379 eleganti
494 4301 571 4361 Edit.
586 4303 705 4381 Virgilii
724 4322 787 4362 cum
809 4299 877 4360 vers.
901 4301 986 4378 Angl.
1027 4302 1142 4378 Crtfius’
1161 4302 1243 4358 Livet
1264 4302 1298 4375 of
1309 4295 1352 4353 the

362 4390 463 4450 Roman
476 4390 559 4451 Poets.
583 4392 621 4452 T.
636 4392 660 4450 Ι.
693 4391 771 4453 Add.
784 4389 912 4472 inprimis
923 4390 1026 4466 Harles.
1040 4391 1071 4450 in
1090 4392 1282 4465 Notit.scra'ptt.
1302 4384 1352 4446 lat.

362 4478 420 4540 Το.
432 4479 456 4539 I.
470 4502 501 4559 p.
516 4482 571 4541 268
593 4481 633 4561 sq.
1282 4472 1287 4482 ’

306 4582 309 4588 ’
413 4594 567 4670 Ton.1.
740 4703 744 4711 Ι
932 4543 1074 4664 1 .
1246 4586 1354 4688 poita
