3575 5509
398 722 529 785 xnn
695 673 1108 781 PRAErnrro

396 891 582 1011 viderem,
609 918 651 998 in
667 917 768 1012 aliis,
786 944 888 1029 eum
901 914 1052 1024 judicio
1072 942 1161 995 meo
1186 911 1376 997 dileemm

395 1051 588 1163 usumque
606 1055 852 1163 relinqueret,
882 1053 1001 1132 etiam
1019 1080 1153 1133 meum
1173 1051 1377 1161 ingenium

396 1189 440 1270 in
457 1189 701 1271 defendendo
719 1198 835 1300 poeta
856 1186 1031 1269 adversus
1055 1218 1112 1283 ea,
1144 1214 1232 1298 quae
1251 1215 1380 1297 repre-

397 1323 514 1408 hensa
532 1301 665 1420 effent,
691 1328 778 1405 ‘acui
797 1322 990 1405 sentirem.
1046 1326 1096 1404 -ln
1121 1325 1253 1404 multis
1266 1323 1378 1433 judi-

398 1463 505 1542 cium
523 1464 596 1541 viri
613 1460 844 1569 subtilejam
863 1460 903 1539 in
928 1461 1055 1569 priore
1074 1462 1243 1542 editione
1269 1449 1381 1541 ante-

399 1618 614 1689 verterarn3
643 1598 717 1679 alia
742 1625 847 1677 nunc
883 1588 1048 1704 Japposui
1082 1598 1264 1704 praeclare
1292 1599 1379 1679 ani·-

318 1769 320 1778 ’
401 1732 630 1817 madversa.‘
717 1770 720 1774 ·
919 1814 921 1818 ,
1329 1727 1332 1731 ’

408 1944 415 1952 ,
457 1871 580 1953 Fuere
600 1869 673 1951 viri
697 1868 819 1961 doeci,
848 1870 916 1978 qui
942 1866 1018 1950 five
1039 1892 1108 1977 per
1130 1869 1275 1949 litteras
1304 1850 1404 1951 five

400 2005 548 2118 scriptis
579 2010 687 2118 prelo
697 2005 889 2116 ‘expreffis
909 2004 974 2086 seu
1001 2006 1153 2086 monit'a
1170 2005 1235 2086 seu
1253 2007 1383 2087 consr-

401 2144 454 2225 lia
495 2141 560 2224 seu
607 2144 847 2252 conjeeluras
890 2144 932 2222 in
970 2143 1185 2252 Virgilium
1224 2145 1382 2223 mecum

401 2283 759 2373 communicarent3
789 2283 830 2361 in
847 2280 909 2361 his
924 2284 996 2390 Jo.
1008 2287 1130 2363 Henr.
1142 2282 1242 2362 Lud.
1261 2282 1398 2363 Meie-

404 2440 497 2498 totto
514 2419 555 2498 in
572 2415 707 2498 libello
726 2446 847 2526 quem
868 2417 1077 2527 inscripsit:
1112 2420 1176 2496 De
1203 2418 1310 2495 rebus
1336 2418 1386 2499 ad
1411 2492 1413 2502 .

312 2579 316 2584 ’
402 2555 567 2633 cautiores
578 2552 739 2661 quisdam
753 2553 811 2630 cla
831 2582 904 2631 reos
913 2553 1185 2659 pertinentibus
1197 2554 1383 2638 Dubia-

406 2686 500 2772 Chr.
531 2687 582 2765 G.
615 2686 742 2793 Heyne
763 2666 952 2792 proponti.
988 2685 1157 2764 Berolini
1189 2684 1308 2794 1785,
1340 2684 1380 2765 8.

402 2822 526 2901 Grato
552 2820 683 2899 animo
710 2821 839 2927 accepi
867 2819 1024 2910 omnia;
1062 2818 1312 2927 transtulique
1339 2819 1382 2934 in

403 2986 539 3061 meum
557 2956 670 3038 usum
697 2984 753 3049 ea,
782 2986 871 3066 quae
892 2941 1104 3036 vellosum
1122 2952 1261 3035 habere
1278 2945 1385 3064 posse

403 3097 466 3177 vel
483 3093 642 3178 confilio
660 3120 750 3173 meo
770 3089 997 3199 respondere
1021 3089 1245 3171 arbitrabar.
1304 3089 1383 3169 Po·

404 3252 509 3312 tuere
523 3235 588 3311 me
606 3228 736 3337 fugere
754 3229 843 3320 alia,
873 3226 1053 3335 inprimis
1071 3227 1112 3305 in
1140 3224 1389 3309 versionibus.

401 3366 576 3445 virorum
603 3365 811 3443 doelorum
844 3364 1023 3455 latentia
1060 3362 1109 3442 ad
1136 3359 1221 3443 haec
1250 3380 1385 3440 tamen

402 3499 558 3608 operose
576 3500 791 3609 indaganda
818 3521 856 3579 et
883 3500 1102 3610 colligenda
1125 3502 1246 3580 'nimis
1274 3528 1381 3581 eram

401 3655 608 3745 occupatus
627 3638 667 3716 in
683 3638 768 3716 aliis
790 3636 940 3719 studiis.
999 3639 1162 3718 Potuere
1177 3638 1295 3716 etiam
1312 3663 1386 3743 per

373 3774 616 3865 intervalla,
645 3774 787 3883 quibus
825 3774 1079 3885 deponendus
1119 3802 1169 3855 ex
1202 3774 1384 3854 manibus

403 3929 483 3998 erat
497 3910 702 4017 Virgilius,
731 3929 768 3990 et
786 3938 855 4020 per
871 3912 1200 4022 interpellationes
1218 3909 1383 4000 crebras,

311 4040 316 4051 ’
368 4115 373 4123 .
403 4044 529 4132 multa
544 4046 678 4124 animo
696 4047 894 4141 excidere3
925 4077 1040 4129 nemo
1058 4049 1187 4157 itaque
1205 4048 1248 4126 in
1278 4046 1383 4126 invi-

403 4179 511 4264 diam
530 4179 710 4274 adducat,
728 4179 754 4260 fi
774 4182 870 4290 quid
885 4182 958 4263 ase
977 4183 1174 4262 monitum
1187 4178 1288 4260 forte
1301 4206 1385 4259 non

402 4337 756 4400 commemoratum
770 4320 968 4428 repererit.
987 4347 992 4352 ·
1015 4316 1208 4399 Professus
1223 4320 1385 4425 quoque
1416 4373 1419 4376 -

268 4494 270 4501 ⁴
396 4455 482 4562 iam
509 4456 558 4539 ab
585 4458 697 4542 initio
722 4487 842 4553 eram,
870 4489 951 4541 non
969 4487 1056 4540 eam
1076 4457 1382 4556 editionemme

1233 4585 1382 4706 parare,
