3575 5509
450 678 606 730 ων...
641 601 942 728 ¹astruimur
968 650 1206 726 Mnsours
1232 650 1355 748 vrri

450 858 569 920 Tibulli.
609 855 727 915 Ovidius
739 868 798 913 tum
809 874 911 915 annum
930 854 1022 913 XXV
1040 853 1148 932 agebat,
1167 854 1260 933 itaque
1272 853 1445 940 vigilium&

449 951 585 1022 rammse
601 946 690 1023 viriste
710 945 817 1002 testatur
835 942 921 1002 Trist.
947 942 1004 1013 IV,
1027 961 1072 1013 ro,
1093 964 1140 1023 51·
1179 941 1450 1002 Horatiusannum

449 1032 578 1111 ingressus
590 1046 648 1090 erat
661 1030 785 1091 XLVII.

487 1120 630 1179 AEneidem
642 1140 704 1179 cum
716 1119 780 1178 viro
792 1117 916 1197 Virgilio
925 1118 1017 1177 multis
1030 1118 1171 1178 hominum
1183 1119 1322 1178 desideriis
1333 1139 1432 1202 expec-

449 1223 546 1277 tatam,
565 1225 593 1269 et
618 1210 654 1268 ab
678 1210 802 1285 Augusto
827 1208 926 1266 litteris
948 1207 1099 1285 flagitatam
1128 1208 1199 1287 (vid.
1228 1210 1331 1269 Donat.
1348 1195 1431 1268 Vita

449 1297 532 1379 Virg.
546 1300 567 1359 s.
580 1301 618 1374 46
636 1298 716 1356 etibi
730 1298 800 1356 Not.
812 1296 969 1355 eMacrob.
984 1297 1010 1364 Ι,
1031 1302 1093 1373 24),
1115 1312 1220 1356 tumeo
1234 1314 1433 1375 mortuomag-

449 1409 488 1447 uo
500 1390 592 1447 favore
604 1404 631 1446 et
643 1386 837 1465 praedicatione
850 1394 987 1464 acceptam
1005 1383 1094 1454 loide,
1113 1407 1147 1444 ex
1163 1387 1320 1465 poetisejus
1329 1404 1434 1465 tempo-
1533 1461 1537 1478 Ι

428 1489 430 1493 ’
450 1496 488 1534 ns
501 1476 624 1555 colligas
663 1474 782 1533 Ovidius
796 1475 876 1533 Rem.
902 1494 968 1554 395.
993 1476 1048 1553 396
1063 1474 1175 1534 Tantum
1178 1482 1210 1551 se
1222 1476 1289 1535 nobr‘s
1303 1478 1433 1558 Elegide-

449 1563 509 1624 dere
519 1572 644 1644 fatentur
655 1564 787 1638 Quantum
802 1561 907 1641 Virgilio
919 1562 1000 1622 nubib
1010 1563 1081 1622 debet
1092 1580 1191 1640 rpus.
1162 1564 1180 1596 ⁴
1232 1565 1284 1622 Sed
1297 1565 1370 1624 idem
1382 1564 1432 1621 AE·

449 1654 564 1712 neidis
553 1673 610 1731 Jam
636 1651 760 1710 meminit
781 1654 846 1710 Am.
861 1651 886 1717 I,
910 1671 921 1709 1
929 1673 956 1729 ς
978 1669 1025 1732 25,
1046 1653 1119 1729 quod
1142 1671 1250 1711 carmen
1273 1654 1309 1711 ad
1331 1674 1432 1712 annum

450 1748 519 1823 736,
540 1740 853 1822 proximumaVirgilii
871 1754 972 1810 morte,
992 1740 1131 1799 Mallonus
1152 1742 1265 1800 retulit:
1286 1741 1389 1820 Tiora:
1408 1760 1434 1804 et

439 1838 537 1914 segetes
554 1833 695 1910 AEneiaqae
709 1853 783 1889 arrrra
805 1830 929 1909 legentur,
950 1819 1031 1887 Rima
1050 1832 1202 1908 triumphari
1211 1835 1270 1890 dum
1281 1849 1357 1908 capue
1367 1833 1433 1891 orbis

450 1932 509 1981 erit.
547 1920 631 1978 Etru
643 1932 699 1978 arte
718 1938 770 1997 75¹
796 1918 869 1976 edita
886 1918 936 1975 lib.
963 1917 1019 1984 III,
1041 1939 1093 1997 337
1115 1921 1150 1975 Et
1164 1927 1299 1999 profugum
1310 1920 1432 1990 AEnean,

449 2010 515 2069 tae
522 2013 661 2087 primordia
674 2010 774 2076 Romae,
793 2011 852 2086 Qu
863 2008 959 2066 nullum
971 2010 1150 2068 Latrocarrus
1162 2026 1236 2069 extat
1245 2027 1311 2088 opus
1350 2008 1432 2067 Non-

450 2101 518 2160 dum
532 2101 653 2160 absoluta
665 2116 693 2158 et
709 2100 783 2161 edita
801 2114 858 2158 erat
876 2100 981 2167 AEneis,
1001 2120 1063 2157 cum
1082 2099 1235 2178 Propertius
1254 2100 1359 2158 nobiles
1372 2100 1434 2158 illos

450 2190 541 2248 versus
551 2190 677 2249 scriberet
690 2188 739 2247 lib.
754 2189 784 2245 II
797 2187 875 2268 Eleg.
890 2203 973 2255 extr„
994 2190 1027 2249 61
1044 2190 1102 2267 sqq.
1121 2191 1179 2267 ‚Qu
1188 2213 1252 2249 mc
1264 2191 1356 2249 AEneae
1369 2186 1435 2248 Tra·

442 2303 507 2358 Jam
504 2285 617 2354 suscitat
626 2301 701 2337 arma
712 2292 766 2337 etc.

490 2367 642 2445 Virgilium
663 2366 756 2443 paullo
777 2368 845 2445 post,
864 2381 893 2425 et
917 2366 1006 2424 adhuc
1030 2387 1088 2426 aevo
1112 2366 1290 2445 Augusteo,
1281 2386 1312 2426 tu
1334 2364 1434 2426 scholis

450 2457 604 2537 praeleiium
617 2470 645 2512 et
656 2470 808 2514 enarratum
828 2456 915 2524 soille,
933 2476 950 2513 e
968 2457 1098 2514 Suetonio
1111 2457 1207 2515 scimus
1219 2458 1253 2514 de
1265 2456 1305 2514 ill.
1330 2455 1434 2513 Gram-

451 2560 517 2605 mat.
540 2566 567 2602 c.
591 2545 685 2625 1ng
702 2544 831 2604 Caecilius
846 2544 961 2623 Epirota
976 2546 1099 2604 Cornelii
1112 2546 1191 2605 Galli
1203 2543 1435 2620 familiaris-pri·

451 2659 505 2694 sarrs
517 2637 608 2693 dicitur
618 2635 697 2693 latriae
708 2659 740 2693 cx
758 2652 861 2713 tempore
873 2639 1014 2714 dffl'afflr
1030 2641 1170 2715 primusque
1184 2635 1318 2714 Virgilium
1338 2650 1362 2691 et
1374 2634 1436 2690 alios

448 2727 621 2804 poi'tarnovur
629 2726 767 2808 praelegere
788 2731 900 2804 coepffi,·
918 2728 1001 2784 etiam
1018 2726 1110 2784 Orofii
1130 2740 1224 2785 aetate:
1244 2724 1326 2782 Oros.
1350 2723 1376 2792 I,
1399 2729 1432 2782 18

453 2814 661 2895 AEneas-qual
649 2842 678 2875 aa
686 2833 736 2895 per
751 2827 884 2876 trr‘rnnium
904 2816 972 2876 bella
983 2822 1143 2882 excitaverit,
1162 2832 1267 2894 quantos
1274 2812 1396 2892 populor
1384 2836 1432 2869 ιιι-

445 2909 573 2987 plicuerat,
594 2912 644 2968 odio
668 2911 805 2987 excidioque
825 2910 959 2987 afflixerit,
977 2910 1033 2967 ludi
1051 2908 1172 2968 litterarii
1192 2906 1323 2983 dfiipla'na
1347 2908 1433 2981 nostre

452 3022 542 3078 qaoque
552 3020 649 3055 memorr
641 3009 673 3055 r‘ae
682 3002 785 3076 inustum
797 3000 839 3074 est.

491 3086 533 3144 Ut
547 3086 672 3164 Virgilio
684 3087 803 3145 Ennium
816 3086 850 3144 ab
870 3086 996 3145 Adriano
1014 3086 1153 3163 praelatum
1165 3098 1270 3143 taceam
1284 3081 1431 3162 (Spartiau.

451 3196 479 3235 e.
505 3197 514 3233 1
521 3177 574 3255 ς)
607 3176 736 3255 Caligula
758 3174 876 3253 Virgilii
900 3176 1039 3235 memoriae
1060 3175 1208 3233 admodum
1234 3173 1342 3231 infestus
1367 3171 1432 3229 fuit.

451 3266 537 3323 Sedet
550 3265 692 3345 Virgiliiet
706 3262 740 3322 T.
754 3266 931 3341 Livirscrr‘pta
941 3270 1057 3343 etimagr'
1055 3288 1097 3321 nes
1099 3263 1233 3339 ,paullum
1242 3268 1322 3340 qfrrit,
1332 3270 1436 3340 quinem

452 3356 562 3414 amnibus
587 3356 737 3413 birbl‘othecir
761 3371 899 3421 amoverem
918 3379 1017 3433 qaorum
1041 3354 1160 3425 alterum,
1179 3369 1209 3412 ut
1226 3353 1320 3413 nullis
1283 3378 1320 3410 rru
1342 3358 1438 3430 ingenii

452 3453 608 3522 minimaeque
626 3442 902 3519 dotirinae-carpebat
921 3445 1030 3502 Sueton.
1053 3443 1148 3521 Calig.
1174 3462 1221 3518 34.
1260 3431 1355 3518 Itaque
1369 3438 1436 3496 Vit-

451 3532 515 3612 gilii
526 3531 644 3589 Codices
656 3532 690 3587 ad
703 3551 815 3608 parvum
828 3548 886 3589 turn
901 3553 1041 3591 numerum
1057 3531 1176 3589 redatlos
1189 3529 1265 3587 fuisse
1277 3529 1378 3587 neceffe
1389 3528 1436 3587 est.

453 3619 584 3678 Auferte
598 3617 799 3676 indeantanto
819 3640 889 3677 nunc
910 3622 1125 3699 apographorum
1144 3638 1257 3677 numero
1277 3618 1362 3675 mirus
1388 3617 1435 3683 ille

452 3708 591 3768 librorum
604 3708 686 3765 etiam
707 3709 881 3767 vetustiorum
899 3709 1105 3786 incorruptelae
1123 3706 1263 3765 consensus
1276 3704 1436 3783 repetendus

452 3798 510 3854 est?
529 3812 570 3864 ut,
590 3816 653 3854 cum
667 3798 724 3875 poll
736 3797 792 3854 haec
805 3798 962 3876 Virgiliana
977 3798 1098 3855 carmina
1114 3817 1149 3854 ex
1168 3796 1273 3875 paucis,
1293 3814 1343 3851 nec
1364 3793 1435 3851 forte

452 3884 678 3953 emendatissimis,
705 3886 903 3963 exemplaribus
935 3886 1161 3953 describerentur,
1202 3902 1264 3940 vera
1284 3883 1343 3957 jam
1375 3896 1434 3951 tum¹

452 3976 676 4054 leffioperiillet3
697 3996 751 4050 quo
765 3976 875 4040 fadum,
897 3990 927 4033 ut
947 3975 1040 4033 frustra
1062 3994 1133 4032 nunc
1155 3994 1171 4031 a
1191 3972 1269 4030 libris
1290 3970 1436 4041 auxilium,

452 4066 501 4123 ubi
520 4066 630 4133 haereas,
649 4065 810 4142 expelletur.
849 4064 967 4121 Extabat
988 4079 1079 4121 tamen
1100 4062 1219 4139 Virgilii
1233 4081 1327 4119 manus
1348 4060 1437 4118 adhue

453 4153 537 4213 Plinii
563 4152 673 4230 majoris
693 4167 771 4210 aetate
796 4152 837 4212 H.
864 4151 905 4210 N.
928 4152 1013 4223 XIII,
1038 4171 1070 4209 12
1093 4168 1163 4209 extr.
1189 4165 1217 4206 et
1240 4146 1435 4228 Qinstiliani,

453 4244 516 4301 Inll.
538 4244 564 4310 Ι,
584 4264 614 4322 7,
636 4262 682 4302 ao.
722 4241 797 4299 Nam
810 4242 882 4318 apud
896 4239 973 4308 Gell.
997 4239 1024 4308 1,
1045 4259 1076 4297 21
1102 4237 1260 4316 Hyginum,
1280 4236 1328 4312 qui
1340 4235 1434 4313 paullo

453 4333 510 4408 post
527 4331 681 4409 Virgilium
701 4328 782 4395 vixit,
802 4329 905 4386 librum
924 4351 958 4386 ex
979 4331 1044 4389 darno
1066 4344 1142 4407 atque
1146 4326 1258 4406 familia
1273 4326 1382 4405 Virgilii
1390 4324 1438 4382 ha·

463 4470 479 4497 ὓ
489 4469 525 4514 Ita
536 4466 582 4529 leg.
592 4484 598 4523 3
615 4480 671 4513 nam
680 4474 729 4529 opus
738 4462 865 4514 nrbrreesset
878 4464 976 4529 quidem
988 4481 1085 4515 cumen
1097 4465 1200 4531 epicum,
1215 4482 1264 4515 non
1273 4466 1349 4533 po'c'srs
1357 4466 1435 4531 spica.

1355 4566 1441 4640 buiffe
