3575 5509
474 672 549 751 320
615 645 655 720 P.
692 624 973 718 VIRGILII
1025 619 1340 713 MARONIS

477 857 603 931 Felicis
620 856 727 938 maii;
750 877 822 950 quo
838 876 913 923 non·
926 848 1130 947 praesentius
1145 846 1278 933 ullum,

476 992 607 1066 Pocula
623 989 649 1059 ii
667 988 810 1085 quando
826 986 929 1058 saevae
945 983 1096 1056 infecere
1113 1003 1297 1067 novercae,¹

475 1123 495 1163 ⁸
512 1117 804 1213 Miscueruntque
819 1114 945 1186 herbas
960 1131 996 1184 et
1011 1135 1081 1184 non
1096 1111 1243 1184 innoxia
1258 1112 1388 1201 verba,
1404 1117 1430 1159 ‘

476 1255 664 1329 Auxilium
678 1255 786 1339 venit,
795 1275 836 1323 ac
852 1249 1023 1323 membris
1039 1248 1115 1347 agit
1131 1269 1206 1322 atra
1221 1275 1374 1327 venena.
1396 1265 1474 1346 130

476 1389 557 1487 Ipsa
572 1389 698 1485 ingens
713 1385 814 1458 arbos
830 1384 1033 1479 faciemque
1048 1382 1231 1456 simillima
1246 1383 1354 1458 lauro
1362 1419 1377 1470 ς

476 1530 537 1613 Et,
562 1526 676 1597 sinon
690 1522 801 1594 alium
814 1521 882 1593 late
893 1518 1043 1618 jadiarct
1054 1519 1213 1607 odorem,

478 1663 614 1736 Laurus
631 1677 722 1730 erat:
748 1657 833 1728 solia
848 1654 943 1726 haud
959 1653 1041 1726 ullis
1057 1653 1212 1725 labentia
1228 1654 1374 1739 ventis}
1450 1697 1455 1703 ·

477 1793 562 1870 Flos
578 1793 621 1866 ad
639 1791 757 1889 prima
773 1805 898 1862 tenax}
922 1787 1056 1862 animas
1074 1806 1110 1860 et
1125 1784 1260 1860 olentia
1277 1788 1385 1861 Medi

512 2011 571 2059 127.
583 1998 712 2065 priestanti'us
720 1993 832 2058 Longob.
844 1991 952 2041 Parthas.
965 1991 1022 2041 edit.
1029 1992 1092 2040 Ven.
1105 2000 1129 2039 et
1141 1988 1468 2051 Macrob.Sat.11,15,sre⁸

479 2086 570 2140 querite
588 2089 678 2122 errore.
710 2071 766 2121 Post
784 2070 848 2119 huuc
870 2070 896 2118 io
910 2068 986 2117 Goth.
1006 2067 1051 2117 sect
1074 2067 1154 2115 versut
1177 2079 1225 2128 130
1242 2066 1465 2132 sequelam-s

481 2165 541 2217 129.
557 2146 688 2215 Miscuerint
708 2149 795 2214 fragm.
816 2148 910 2196 Moret.
932 2160 993 2194 unut
1011 2144 1090 2194 Mead
1112 2154 1137 2192 et
1153 2154 1214 2193 vett.
1233 2142 1291 2192 edd.
1331 2145 1468 2209 Msmm

479 2219 720 2291 Franc.Caotabrig.
740 2223 817 2273 Goth.
833 2223 880 2272 sec.
913 2222 1005 2271 Eadem
1022 2219 1126 2269 varietas
1143 2219 1210 2285 apud
1225 2218 1347 2269 Pietiuin.
1380 2219 1467 2270 Versus

479 2302 581 2352 insertus
600 2320 630 2350 ex
642 2305 689 2350 Ge.
704 2303 746 2360 111,
764 2299 820 2360 283,
835 2299 877 2349 ubi
894 2315 921 2347 v.
940 2310 964 2347 et
979 2297 1096 2362 ejectura
1111 2295 1370 2359 mochin—130.
1386 2301 1465 2363 agusta

429 2411 432 2416 ,
480 2379 929 2440 Uratiss.--131.faciequeluterque
951 2373 1035 2422 Mead.
1076 2384 1145 2421 uaros
1168 2372 1257 2421 Medic.
1278 2389 1294 2421 a
1310 2388 1347 2422 m.
1366 2390 1464 2440 pr.-=·

481 2469 539 2516 13²·
556 2461 648 2501 refloret
666 2454 854 2510 vem—134.
877 2453 909 2496 ad
923 2453 996 2514 prima
1018 2448 1111 2497 Medic.
1130 2459 1156 2497 et
1173 2447 1319 2499 vetustiores
1342 2450 1418 2501 Pierii
1440 2459 1464 2499 et

479 2528 580 2588 minui,
594 2529 654 2577 item
665 2539 714 2576 ties
732 2525 842 2574 Martini.
875 2526 904 2573 ln
918 2524 971 2574 aliie
987 2529 1097 2591 apprimo,
1110 2526 1211 2592 apprime·

480 2695 526 2755 seu
547 2692 694 2769 Asi'yriam,
714 2692 778 2749 item
802 2689 946 2749 Persicam.
994 2693 1069 2751 cultu
1089 2691 1215 2771 deinceps
1229 2684 1345 2752 adfiduo
1363 2705 1465 2754 arnam

479 2774 528 2831 Ad
546 2771 678 2829 citrorum
700 2789 794 2848 genus,
814 2768 836 2827 s.
858 2770 893 2825 ad
912 2778 946 2825 ci·
994 2768 1043 2829 ille
1073 2769 1166 2827 succus
1208 2767 1337 2848 mitigari
1375 2770 1464 2862 coepit·

478 2861 543 2916 tria,
561 2866 621 2905 eain
640 2848 690 2905 effe
710 2846 874 2904 referendam
894 2846 945 2903 du·
994 2849 1173 2923 tardusstipoi,
1190 2845 1219 2904 h.
1243 2845 1464 2925 diupalaioim-

480 2926 564 2986 bitari
589 2944 621 2982 ne
642 2924 693 2981 uit.
738 2924 830 3002 Qum
854 2937 945 2979 autem
995 2943 1114 2989 nicoens,
1127 2922 1191 3001 quia
1199 2922 1465 3005 acerbus,pungeor,

479 3003 613 3064 familiam
662 3021 709 3059 aro
722 2999 878 3077 respexerit,
891 3018 945 3056 non
994 3002 1040 3058 est.
1083 3019 1147 3077 ¹27·
1175 2999 1260 3067 Felr’x,
1280 3002 1315 3060 de
1335 3003 1463 3062 arboren

481 3082 546 3141 satis
575 3079 670 3157 liquet.
708 3077 845 3135 Convenit
870 3075 947 3132 locus
994 3076 1106 3143 dicitur,
1126 3076 1161 3134 ad
1182 3071 1383 3138 fecunditatem
1403 3099 1464 3157 pro·

481 3158 598 3218 maxime
615 3176 678 3213 cum
699 3153 877 3232 Theophras.
905 3151 947 3212 H.
993 3153 1052 3288 piie
1082 3152 1199 3230 respicit.
1238 3152 1278 3213 Et
1305 3153 1371 3214 sane
1400 3151 1463 3216 citri

479 3234 570 3294 Plant.
584 3230 639 3299 IV,
659 3253 689 3307 4,
709 3248 735 3288 et
750 3229 819 3288 Plin.
833 3229 904 3297 XII,
919 3249 948 3304 3,
1006 3246 1063 3289 etus
1083 3245 1209 3308 perpetua
1225 3227 1389 3290 sucoesiione
1406 3227 1464 3292 suc·

482 3334 517 3392 73
547 3311 665 3386 adeoque
689 3305 819 3366 aurantiae
843 3307 948 3380 (Pome-
994 3308 1126 3366 crescunt.
1165 3305 1249 3364 Nunc
1263 3322 1356 3366 tamen
1370 3309 1406 3367 ad
1424 3308 1465 3368 sa·

481 3394 580 3463 ranae)
606 3406 691 3464 genus
721 3381 833 3459 aliquod
860 3389 951 3471 poetae
994 3384 1149 3442 subritatem
1193 3381 1286 3460 potius
1322 3384 1464 3462 epitheton

480 3481 542 3525 ante
553 3467 646 3522 oculos
659 3461 734 3521 fuisse
747 3459 894 3516 verosimile
908 3459 947 3517 fit.
994 3461 1111 3596 presure
1125 3458 1242 3528 videtur,
1262 3473 1404 3521 utcontra
1423 3463 1464 3522 io·

480 3563 510 3601 v.
532 3541 649 3598 Bauhin.
674 3539 748 3596 Hist.
763 3536 849 3593 Plant.
864 3535 902 3593 T.
922 3536 948 3604 1,
1007 3538 1119 3606 austum,
1138 3535 1184 3602 est,
1204 3538 1278 3614 quod
1291 3554 1383 3599 nocet.
1414 3538 1465 3598 Pro

480 3639 509 3697 p.
529 3638 577 3696 90.
596 3637 644 3693 92·
683 3613 765 3674 Plinii
777 3632 834 3671 aevo
847 3612 947 3700 adhuc,
994 3612 1090 3673 veneni
1114 3613 1237 3701 antidoto
1267 3610 1394 3674 habitum
1417 3617 1465 3675 effe

480 3692 745 3845 {sissinius
761 3686 949 3853 {iiiiii
1025 3688 1466 3846 resedissetest?

479 3845 629 3912 Palladius,
668 3845 696 3901 ui
721 3843 818 3903 saeculo
844 3842 888 3906 III
907 3863 950 3899 in·
997 3844 1056 3914 nio,
1074 3845 1195 3913 constat;
1215 3864 1264 3903 nec
1278 3844 1352 3906 sorte
1366 3845 1465 3923 injuria

480 3938 560 3983 eunte
592 3868 686 3978 vixisse
707 3935 829 3998 putatur,
855 3918 949 3998 praeci·
994 3919 1024 3981 in
1037 3920 1117 3979 certis
1135 3920 1227 3978 saltem
1240 3941 1407 3982 venenorum
1418 3944 1465 4003 ge·

505 4019 565 4058 uam
578 3999 634 4074 ejus
646 3997 730 4055 cultui
742 4016 832 4054 curam
845 3996 949 4075 impen-
994 3997 1111 4057 neribus.
1154 4017 1217 4076 129.
1242 3999 1329 4060 verba
1353 4024 1402 4060 noir
1426 4012 1464 4059 ἐκ·

481 4023 536 4135 dit.
561 4097 589 4133 v.
613 4074 717 4131 eumin
732 4071 835 4132 Martio
850 4073 891 4142 X,
915 4093 944 4131 11
994 4085 1081 4143 noxia,
1110 4076 1139 4134 h.
1174 4073 1268 4143 noxia,
1300 4075 1466 4138 incantatio·

481 4155 539 4234 sqq.
554 4152 591 4211 cf.
605 4149 685 4207 etiam
698 4151 826 4208 Macrob.
839 4151 895 4207 Sat.
906 4149 948 4218 ΙΙ,
995 4173 1055 4221 nes3
1077 4167 1105 4210 et
1123 4151 1218 4209 eodem
1231 4151 1307 4212 sensu
1318 4154 1409 4214 herbe
1420 4177 1467 4216 ne

485 4253 529 4311 ις.
568 4229 601 4286 Iti
621 4226 709 4284 verbis
727 4229 803 4302 trfies
815 4232 896 4301 succi,
915 4226 946 4284 h.
993 4238 1114 4296 innoxie,
1133 4243 1278 4288 venenatae.
1322 4250 1390 4306 130.
1412 4241 1469 4312 agit

481 4307 567 4366 amari
590 4308 634 4382 (ut
653 4303 708 4362 Ge.
733 4302 758 4372 1,
779 4324 814 4381 75
836 4317 863 4360 et
884 4304 947 4379 ai),
993 4306 1029 4363 est
1051 4302 1151 4383 exigit,
1170 4304 1291 4384 expellit.
1334 4327 1403 4385 134-
1424 4308 1471 4368 Ad

482 4387 535 4447 sive
548 4399 656 4463 propter
668 4380 776 4440 corticis
797 4400 828 4437 ac
849 4399 948 4457 grano·
990 4392 1087 4461 prima,
1107 4390 1175 4446 utin
1203 4393 1284 4452 nmis,
1301 4407 1359 4444 cum
1367 4393 1470 4463 primii,

483 4482 543 4521 tum
564 4458 783 4526 amaritudinem,
803 4457 855 4517 five
873 4456 948 4535 quod
994 4468 1114 4539 apprime.
1191 4459 1264 4519 ederi
1292 4459 1410 4522 Parthos
1435 4464 1470 4520 iic

1381 4539 1473 4619 pontit
