3575 5509
403 689 504 750 mv
667 664 752 739 DE
800 658 1124 736 VIRGILII

454 867 578 941 Codex
595 863 868 959 Cantabrigietfis,
888 857 1091 935 ebiblioth.
1109 855 1224 956 Regia
1249 861 1385 936 Canta·

404 993 578 1188 bn{bdex
610 1110 811 1197 Bodleianus,
844 1129 865 1178 e
899 1105 1067 1179 biblioth.
1102 1102 1241 1182 Bodlei.
1277 1104 1398 1181 Ox0-‘

401 1242 526 1317 nienfi.

450 1363 537 1437 Duo
553 1360 774 1432 Arundeliam‘.
809 1356 811 1359 Α

451 1486 538 1559 Duo
553 1484 726 1556 Meadiani
734 1521 749 1567 ,·
771 1507 858 1579 quos
882 1481 972 1555 oiim
1005 1480 1051 1554 ab
1076 1480 1270 1555 immortali
1293 1478 1384 1557 Viro

357 1597 361 1603 ¹
403 1607 511 1681 Rich.
527 1605 686 1692 Meadio,
701 1603 765 1677 fibi
777 1604 917 1677 oblatos
931 1604 970 1676 P.
985 1604 1205 1677 Burmannus
1216 1601 1383 1701 neglexe-
1395 1612 1406 1620 “’

403 1748 470 1819 rat,
483 1745 525 1803 ut
540 1753 560 1801 e
573 1727 677 1826 praef.
690 1727 736 1801 ad
753 1726 882 1825 virgil.
894 1744 1055 1824 apparet.

747 1931 1041 1979 ὑπ’-Φ

451 2090 543 2165 Sunt
557 2113 698 2189 quoque
714 2087 898 2178 editiones,
920 2086 958 2161 in
980 2086 1110 2185 quibus
1129 2091 1237 2163 variae
1256 2090 1382 2166 lestin-

295 2299 298 2304 .
402 2216 457 2290 nis
469 2236 653 2313 apparatus
665 2214 858 2312 apponitur
870 2238 941 2284 non
953 2237 995 2284 ex
1005 2237 1098 2286 novo
1112 2231 1148 2286 et
1156 2214 1288 2288 intatto
1299 2214 1382 2289 fon·

257 2372 263 2381 ·
400 2359 439 2413 te
447 2338 584 2422 duttus,
594 2360 717 2407 verum
729 2354 914 2429 tamquam
928 2332 1099 2406 ediverfis
1108 2338 1207 2408 venis
1216 2338 1255 2409 in
1266 2362 1381 2411 unum

399 2459 540 2532 niveum
556 2456 760 2531 corrivatus.
811 2455 998 2553 Ejusmodi
1014 2456 1137 2529 firvula
1153 2460 1261 2532 variae
1276 2462 1381 2536 reru.

400 2586 477 2660 onis
494 2609 538 2658 ex
553 2582 629 2656 aliis
645 2582 728 2656 edd.
751 2580 929 2690 congestae
945 2579 1098 2680 subjetta
1115 2583 1165 2655 est
1181 2582 1227 2655 ad
1241 2584 1381 2660 calcem

400 2707 486 2781 edit.
501 2705 681 2802 Knapton.
723 2705 818 2779 Aliae
839 2704 877 2778 in
890 2704 1169 2801 antiquioribus:
1189 2725 1231 2779 ut
1247 2709 1285 2780 in
1296 2707 1379 2786 edd.

400 2830 617 2924 Fabricianis
634 2850 668 2903 et
683 2830 938 2921 Bafiliensrbus,
949 2850 1028 2905 tum
1046 2831 1083 2903 in
1096 2832 1210 2907 Henr.
1227 2835 1382 2932 Stepha-
1423 2820 1426 2826 ¹

399 2954 438 3029 ni
454 2955 539 3028 edit.
557 2974 664 3052 porro
678 2958 715 3029 in
732 2956 814 3030 edd.
832 2956 1018 3029 Pulmann.
1060 2955 1153 3031 Mox
1168 2959 1205 3031 in
1220 2947 1376 3037 Elzeuir.

398 3097 439 3154 ut
466 3079 569 3153 1622.
598 3080 700 3176 1636,
723 3079 919 3177 subjeetum
944 3080 1048 3150 video
1071 3079 1117 3150 ad
1140 3082 1277 3155 calcem
1299 3088 1380 3159 ani.
1417 3085 1419 3090 '

398 3200 683 3274 madverfionum
700 3203 873 3289 libellum,
884 3203 920 3273 in
935 3200 1062 3296 quibus
1085 3202 1175 3290 loca,
1201 3229 1378 3303 perpauca

398 3353 531 3414 tamen,
541 3326 810 3409 constituuntur,
825 3323 979 3394 maxime
991 3345 1010 3392 e
1022 3320 1193 3395 Florentis
1207 3325 1379 3401 Christia-

362 3485 364 3495 ⁴
397 3461 449 3547 ni,
458 3453 601 3551 Josephi
618 3448 799 3545 Scaligeri,
810 3446 906 3519 Petri
916 3446 1081 3520 Scriverii
1093 3466 1129 3521 et
1144 3447 1238 3522 Dan.
1257 3450 1378 3526 Hein-

397 3581 440 3655 fii
453 3576 589 3652 critica.

703 3773 1033 3857 omo

430 3930 621 4007 sPraeclara
635 3933 754 4030 aliqua
778 3951 814 4007 et
830 3936 899 4009 rari
924 3936 1080 4033 exempli
1096 3935 1318 4009 humanitate
1331 3963 1374 4017 ac

397 4055 644 4133 benevolentia
660 4057 697 4129 b.
715 4057 788 4149 Jul.
808 4059 878 4131 Car
895 4057 1100 4155 Schlaegeri,
1112 4057 1230 4131 ufibus
1245 4060 1374 4135 nostris
1396 4045 1398 4048 ¹

335 4163 341 4171 ’
393 4184 505 4256 ouran
521 4200 557 4254 et
572 4180 618 4253 ad
635 4180 1401 4285 nosmmruntcouicesanuuuacauo.·

394 4304 492 4381 tharra
505 4322 596 4379 tres:
633 4283 635 4287 ¹

1240 4427 1374 4505 Primus
