3575 5509
521 717 599 797 ou
632 714 909 794 crimme
942 714 1259 794 aucoirco
1335 669 1379 798 tt
1452 827 1457 843 ³

400 917 475 993 exal
496 915 566 988 Aut
591 917 725 1012 Ararim
754 913 902 986 Parthas
928 912 1013 982 biba
1039 923 1097 982 aut
1121 908 1293 983 Germania
1320 912 1383 986 Ti.

396 1045 482 1138 grim
493 1079 509 1125 ,-
519 1061 522 1066 ’
533 1059 568 1114 et
585 1040 669 1111 illa:
696 1039 744 1109 Aa
761 1062 814 1109 nas
830 1036 905 1107 hinc
919 1037 982 1105 alii
1005 1016 1131 1105 aialim
1146 1036 1258 1107 ibimus
1272 1036 1383 1131 Afras,

370 1183 372 1188 ’
400 1167 490 1240 Pars
516 1167 678 1263 Scythiam
704 1178 737 1236 at
763 1162 909 1258 rapidam
938 1159 1040 1232 Cretae
1065 1162 1224 1231 veniemus
1252 1162 1383 1233 Oaxem.

399 1290 512 1393 Qod
529 1289 681 1361 infames
704 1308 822 1358 mores
847 1282 1028 1381 pastorum
1055 1308 1128 1356 uno
1155 1284 1278 1384 saltem
1301 1286 1384 1360 loco

345 1486 348 1489 ,
388 1416 566 1515 ,εκρτείΐιῑ
583 1415 679 1510 (Ecl.
698 1411 753 1499 ΙΙΙ
769 1415 860 1510 pn),
877 1412 946 1506 hoc
969 1428 1044 1483 erat
1058 1412 1155 1509 quod
1173 1410 1233 1483 vix
1248 1411 1293 1484 ab
1310 1410 1384 1510 ejus

398 1543 602 1619 urbanitate
632 1541 916 1639 expediebamus.
984 1541 1045 1612 An
1079 1562 1164 1611 vero
1192 1538 1246 1609 in'
1265 1540 1383 1631 verbis

399 1667 550 1765 agrestia
582 1682 617 1739 et
651 1665 783 1740 soloeca
819 1665 987 1762 sequutus
1020 1665 1074 1755 sit,
1109 1688 1180 1737 non
1216 1663 1384 1760 equidem

399 1789 511 1863 aufim
533 1766 782 1887 pronuntiare.
842 1788 942 1859 Nam
971 1785 1108 1859 diversa
1135 1811 1189 1858 res
1217 1787 1290 1872 est;
1317 1788 1385 1861 effe

399 1911 486 1985 dura
504 1913 685 2001 nonnulla,
709 1936 792 2009 quae
810 1911 848 1981 in
865 1910 921 1981 his
938 1910 1072 2005 eclogis
1089 1930 1285 1998 occurrant,
1301 1936 1385 2008 quae

399 2056 522 2110 tamen
542 2056 712 2133 corrupta
727 2037 847 2133 potius
866 2034 1132 2131 etinterpolata
1149 2036 1291 2109 dixeris.
1327 2039 1386 2112 Ex

400 2180 475 2228 uno
509 2181 596 2229 vero
624 2157 700 2245 illu,
739 2156 837 2254 quod
879 2160 982 2257 cujum
1006 2156 1119 2254 pecus¹
1134 2159 1386 2254 reprehensum

401 2279 503 2355 fuiffe
536 2280 803 2374 Grammaticus
830 2301 956 2370 narrat,
982 2283 1044 2353 vix
1074 2280 1260 2355 satistuto
1283 2260 1387 2379 judi-

400 2405 500 2477 cium
527 2403 646 2477 facias.
698 2406 752 2479 Ut
775 2423 894 2478 tamen
924 2406 1095 2504 Virgilius
1126 2424 1263 2479 tantam
1288 2406 1385 2506 apud

399 2511 587 2625 populares
615 2529 694 2602 suos
721 2530 873 2603 laudem
886 2554 952 2628 per
968 2529 1137 2603 Bucolica
1153 2530 1385 2629 consequere-

400 2668 471 2740 tur,
497 2649 581 2723 feeit
605 2650 785 2747 imprimis
811 2652 861 2723 rei
888 2653 1038 2739 novitas,
1063 2642 1219 2749 felixque
1242 2654 1281 2725 in
1306 2678 1385 2732 car-

400 2774 500 2846 mine
531 2771 662 2861 Siculo,
687 2774 784 2869 quod
812 2772 886 2869 ipsa
909 2774 1078 2850 sermonis
1102 2776 1258 2849 Romani
1283 2778 1385 2876 alpe.

400 2898 484 2971 ritas
521 2896 683 2995 respuere
714 2895 914 2984 videbatur,
954 2897 1197 2970 transferendo
1223 2901 1382 2974 audacia.

400 3017 575 3093 Nondum
601 3018 699 3091 enim
733 3017 850 3090 sermo
878 3017 1061 3091 Romanus
1094 3002 1144 3091 ad
1171 3020 1240 3094 hoc
1266 3045 1386 3093 rerum

386 3167 523 3241 genus,
548 3141 593 3213 ad
623 3140 805 3212 venustam
828 3141 920 3212 hanc
941 3140 1221 3239 simplicitatem,
1246 3143 1293 3214 ad
1318 3164 1387 3213 nu-

399 3289 585 3338 merorum
623 3262 715 3336 hanc
749 3264 955 3352 mollitiem,
979 3266 1158 3362 expolitus
1191 3284 1274 3353 erat,
1298 3254 1404 3340 cum¹

400 3386 508 3467 Maro
534 3389 673 3484 primus
704 3404 856 3460 tentaret
889 3412 1033 3461 carmen
1061 3388 1267 3462 bucolicum
1296 3389 1385 3462 scri.

398 3512 497 3590 bere.
547 3513 634 3585 Sunt
654 3533 826 3609 praeterea
846 3515 960 3591 multa
976 3514 1099 3613 magni
1127 3513 1246 3611 poitae
1262 3515 1299 3586 in
1328 3514 1382 3586 his
1390 3503 1396 3516 ⁹

329 3673 332 3679 -
398 3634 494 3733 ipfis-
511 3617 728 3712 carmilibus
752 3638 911 3736 vestigia,
936 3639 1104 3735 inprimis
1133 3639 1293 3711 doorina
1320 3663 1384 3710 ω.

396 3760 508 3861 piosa,
532 3764 701 3837 orationis
727 3766 882 3862 dignitas
919 3782 955 3837 et
985 3753 1163 3837 elaborata
1189 3765 1385 3861 limataque

398 3883 437 3955 in
467 3884 643 3982 plerisque
669 3888 854 3985 elegantia.
909 3888 1036 3983 Eclagae
1063 3889 1212 3984 quidem
1240 3914 1383 3978 nomen,
1414 3902 1416 3904 ’

398 4029 439 4083 ut
473 4010 609 4107 ldyllii,
646 4012 740 4085 haud
777 4014 886 4087 dubie
930 4006 1188 4085 Grammaticis
1219 4015 1380 4087 debetur.

398 4136 494 4210 Cum
512 4138 631 4234 primo
649 4138 753 4210 latius
769 4156 919 4235 pateret,
944 4159 979 4210 et
999 4138 1043 4209 ad
1072 4138 1224 4235 quoivis
1249 4138 1382 4211 carmi-

397 4262 452 4332 nis
469 4260 540 4334 five
558 4264 676 4360 operis
696 4266 1038 4362 genuspertineret,
1062 4264 1158 4361 quod
1185 4261 1382 4359 epluribus

395 4385 575 4466 delestum
603 4387 696 4475 effer,
721 4407 782 4461 aut
814 4414 833 4461 e
869 4390 1032 4490 pluribus
1064 4387 1222 4485 ejusdem
1255 4384 1391 4455 formae.

396 4507 590 4597 constarets
617 4528 658 4591 ut
674 4510 819 4591 Horatii
834 4514 1022 4590 Sermones
1050 4512 1089 4591 iu
1115 4507 1295 4584 nonnullis
1317 4529 1382 4575 co.
1465 4587 1467 4592 ¹

1241 4626 1382 4714 dicibus
