3575 5509
419 657 488 768 19!
659 634 1192 746 Ιι’·1ἱο(]ΞΜΙ-Η-Μ··

416 858 456 938 in
486 845 708 926 inveniendis
737 842 841 920 rebus
872 841 1058 933 desideres,
1092 841 1119 916 fi
1152 841 1412 928 Theocritetm

416 974 697 1073 fimplicitatem,
706 987 742 1043 et
757 968 915 1042 nativam
929 968 1084 1066 aliquam
1099 968 1331 1062 venustatem,
1338 999 1409 1080 qua

417 1100 543 1186 animi,
583 1095 678 1169 inani
708 1091 909 1168 nostrorum
943 1115 1086 1166 morum
1120 1091 1205 1166 fuco
1228 1096 1409 1200 ¹nondum

419 1217 666 1306 contaminati,
700 1233 887 1318 tantopere
918 1214 1119 1312 capiuntur,
1144 1215 1272 1292 frustm
1301 1220 1339 1294 in
1367 1245 1409 1296 eo

421 1368 571 1447 quaeras,
595 1340 807 1438 elegantiam
835 1356 956 1412 tamen
988 1339 1212 1438 cultumque,
1233 1341 1410 1420 eundem.

422 1465 657 1568 quercetum,
673 1486 817 1559 purum,
840 1461 1017 1559 pudicum
1033 1485 1073 1534 ac
1089 1461 1274 1566 decorum,
1288 1465 1408 1540 simul.

422 1616 493 1694 que
524 1588 836 1682 elaboratiffimum
866 1605 903 1662 et
940 1584 1259 1686 exquisttisstmum,
1304 1590 1409 1668 facile

421 1715 603 1815 agnoscas.
640 1712 851 1787 Inveniendi
867 1711 1014 1810 quidem
1031 1710 1240 1810 sollertiam,
1251 1711 1280 1786 'fi
1296 1714 1409 1818 animi

423 1841 522 1922 sensa
532 1843 643 1916 libere
658 1841 775 1938 eloqui
799 1840 850 1913 sas
872 1839 932 1927 est,
958 1863 1030 1912 non
1051 1836 1227 1938 majorem
1245 1839 1281 1913 in
1292 1837 1412 1914 Geor.

423 1967 516 2068 gicis
546 1990 655 2064 quam
689 1964 726 2037 in
754 1962 898 2060 reliquis
930 1959 1003 2062 ejus
1035 1962 1255 2070 carminibus
1282 1959 1409 2062 depre-

424 2091 628 2164 hendimus.
679 2085 902 2161 Adumbrata
919 2085 991 2159 sere
1006 2085 1138 2172 omnia,
1154 2084 1354 2182 ¹depromta
1377 2105 1412 2160 et

424 2215 560 2301 hausta,
583 2211 738 2309 plutima
761 2210 833 2284 fere
852 2210 899 2283 ad
923 2209 1073 2282 verbum
1096 2209 1263 2282 conversa
1283 2207 1411 2286 suntet

424 2337 619 2414 transumta
653 2361 698 2416 ex
729 2335 806 2406 aliis
845 2334 918 2412 save
951 2332 1089 2410 Graecis
1122 2335 1194 2410 sive
1241 2336 1409 2412 Romanis
1491 2401 1493 2406 .

425 2458 542 2560 poitis
558 2482 598 2530 ac
615 2459 856 2554 scriptoribus.
908 2459 962 2532 Ut
985 2458 1082 2531 enim
1108 2443 1185 2548 ‚suis
1201 2459 1290 2550 loeis
1319 2460 1410 2554 indi·

426 2586 601 2669 cabimus,
625 2581 796 2656 nonnulla
819 2606 863 2656 ex
888 2583 1060 2686 Hesiodo,
1083 2585 1195 2674 multa
1210 2610 1256 2674 ex
1280 2587 1409 2664 Lucre·
1530 2603 1533 2612 ·

427 2711 498 2795 tio;
524 2712 644 2784 locum
676 2709 722 2782 de
754 2711 850 2807 peste
883 2735 928 2784 ex
960 2713 1085 2785 eodem
1114 2729 1150 2786 et
1182 2713 1409 2812 Thucydide,

426 2834 510 2922 alia,
534 2834 696 2932 inprimis
722 2836 928 2914 ¹doctrinam
959 2836 1005 2910 de
1037 2837 1204 2920 arborum
1234 2841 1349 2929 cultu,
1370 2867 1410 2916 ex

429 2959 687 3059 Theophrasto,
719 2960 919 3036 dosirinam
939 2961 984 3032 de
1004 2961 1129 3057 apibus
1148 2985 1193 3034 ex
1214 2961 1411 3056 Aristotele,
1526 2947 1530 2958 ¹

426 3085 550 3162 lorum
566 3085 611 3158 de
627 3083 856 3181 serpentibus,
880 3083 1046 3180 inprimis
1063 3084 1107 3156 de
1126 3084 1298 3182 chelydro
1315 3091 1345 3178 ¹,
1367 3113 1409 3164 ex

430 3204 605 3281 Nicandri
624 3206 817 3292 Theriaeis,
841 3206 960 3278 loeum
979 3205 1024 3278 de
1040 3207 1277 3304 prognosticis
1295 3227 1409 3288 totum

429 3351 476 3400 ex
497 3327 598 3400 Arati
621 3328 821 3402 Diosemeis
841 3328 873 3417 †,
899 3327 1068 3400 nonnulla
1088 3351 1132 3401 ex
1159 3329 1409 3429 Xenophontis

432 3447 690 3537 OEconomico,
715 3474 883 3549 magnam
902 3468 1165 3546 praeceptotum
1182 3473 1336 3550 partem,
1361 3461 1412 3560 in·¹

428 3572 559 3672 ,primis
581 3572 626 3645 de
646 3572 828 3669 pecudum
851 3597 947 3661 cura,
973 3597 1016 3646 ex
1043 3573 1177 3678 Catone
1200 3597 1235 3652 et
1260 3579 1413 3658 Varrone

428 3697 620 3772 transtulit.
673 3698 783 3800 Cujus
812 3701 861 3772 rei
889 3720 1035 3796 quanto·
1051 3702 1289 3778 manifestiora
1315 3707 1414 3782 habi.

427 3820 502 3900 turi
519 3820 664 3893 essemus
680 3822 823 3907 indicia,
849 3822 874 3895 st
891 3825 1104 3920 antiquiores
1120 3826 1280 3911 nudiores
1296 3830 1343 3904 de
1358 3830 1411 3904 Re

431 3938 576 4038 Rustica
598 3959 632 4013 et
652 3943 797 4040 fingulis
820 3943 894 4044 ejus
918 3948 1077 4043 partibus
1093 3945 1128 4042 ‡,
1152 3951 1338 4050 praeeipue
1353 3956 1415 4052 qui

432 4065 587 4140 verfibus
603 4090 659 4138 eas
676 4069 905 4160 illustrarunt,
929 4073 1146 4172 omninoque
1163 4073 1284 4172 poitae
1306 4077 1419 4154 Alex·

473 4272 492 4305 ⁸
513 4265 569 4327 Ge.
582 4266 637 4336 Ill,
647 4290 703 4347 432
720 4271 775 4349 sqq.
948 4291 977 4336 et
987 4274 1077 4336 Plinio
1089 4291 1238 4338 memorati
1249 4255 1420 4358 videamqut

470 4341 595 4402 seonf.
610 4345 735 4408 Maerob.
750 4349 789 4419 V,
806 4371 832 4411 2.
948 4353 1424 4442 congellasuntabUtfiooVirgilti
1533 4437 1535 4444 Ι

470 4417 601 4496 ‡Multa
625 4443 718 4485 eorum
743 4442 770 4485 et
802 4449 844 4488 rna
886 4451 903 4487 a
947 4431 1082 4512 collotipn
1205 4445 1209 4451 '

431 4447 903 4577 nominaaVarro'uessolumdlla,
1010 4517 1018 4524 ''
1040 4519 1055 4526 ''
1103 4517 1107 4526 “
1155 4523 1171 4536 ’“

1270 4587 1424 4706 andriui,
1548 4673 1554 4694 ,
