3575 5509
614 678 1013 757 CODICIBUS
1056 681 1163 762 MSS.
1312 715 1387 770 axv

410 944 413 948 .
455 876 582 953 Primus
597 891 758 976 pergam.
775 859 913 950 ottonis
925 895 1023 950 cont.
1036 874 1215 970 Bucolica,
1229 872 1388 987 Georgi.

404 1024 491 1079 caet
516 1001 722 1075 AEneidem.
774 998 835 1072 Ad
858 998 997 1071 calcem
1023 999 1209 1096 Calpurnii
1235 1004 1386 1108 Eciogae

399 1126 557 1224 septem3
575 1125 690 1198 nitide
707 1122 870 1220 scriptus,
886 1120 1014 1193 litteris
1032 1122 1229 1198 initialibus
1242 1137 1386 1225 auratis,

400 1275 521 1325 recens
539 1267 675 1335 tamen,
686 1263 722 1318 et
734 1245 793 1319 vix
809 1263 887 1318 ante
900 1242 981 1318 saec.
1003 1240 1075 1318 XV
1088 1248 1251 1344 scriptus,
1266 1253 1311 1324 ab
1328 1257 1386 1327 in.

400 1373 506 1466 dudio
531 1371 614 1444 satis
641 1369 838 1457 libratio‚'e
862 1369 960 1465 bono
989 1386 1111 1443 tamen
1134 1371 1228 1445 libro
1252 1376 1384 1452 bonam
1507 1408 1510 1426 ·

396 1499 499 1572 enim
511 1497 720 1594 plerumque
736 1492 925 1566 lediionem
936 1493 1093 1567 exhibet.

452 1617 552 1689 Alter
564 1617 776 1701 chartaceus,
796 1612 860 1686 fol.
878 1612 1076 1687 admodum
1093 1642 1224 1709 recens,
1248 1646 1313 1697 nec
1339 1649 1384 1698 ex

401 1743 542 1839 optimo
554 1739 760 1835 exemplari,
773 1737 880 1811 habet
892 1758 1012 1841 tamen
1023 1740 1191 1817 lectiones
1202 1747 1385 1824 interdum

400 1868 460 1940 vix
470 1865 557 1950 alibi
569 1864 707 1938 obvias.
733 1864 1385 1967 Arecentioremanugloffaeinterli·

398 2011 479 2061 neas
495 1986 710 2084 adscriptae;
737 1989 851 2063 multa
867 1992 989 2079 etiam,
1008 1994 1116 2065 modo
1133 1994 1170 2066 in
1196 1996 1384 2070 meliorem

399 2110 511 2184 modo
528 2113 565 2184 in
580 2113 795 2186 deteriorem
812 2114 1015 2211 lediionem,
1036 2117 1235 2190 emendata.
1287 2119 1387 2192 Prae.

401 2233 735 2330 miffaetinprimis
743 2235 888 2332 paginis
900 2254 936 2307 et
948 2235 1387 2338 subfprincipiaglibroruni

401 2358 607 2459 vulgariam
620 2354 813 2456 Virgilium
825 2359 985 2432 carmina
998 2365 1385 2459 et‘argumentagetsub

398 2483 533 2558 calcem
545 2479 702 2580 subjedia
712 2479 793 2553 sunt
807 2468 993 2555 Moretum
1007 2501 1042 2555 et
1053 2484 1122 2557 alia
1140 2487 1290 2577 minora,
1300 2514 1384 2587 quae

397 2603 461 2681 sub
471 2605 615 2704 Virgilii
631 2605 778 2678 nomine
795 2603 967 2710 feruntur,
983 2610 1152 2699 carmina,
1167 2615 1276 2686 etiam
1293 2641 1385 2694 nona

399 2732 498 2805 nulla
520 2733 643 2822 aliena,
667 2733 974 2831 quemadmodum
1007 2735 1211 2809 recentioris
1235 2739 1385 2840 alicujus

397 2854 565 2953 po'e'mata
581 2854 754 2942 funebria,
779 2862 932 2951 quorum
951 2855 1167 2950 compilator
1186 2857 1385 2957 adscriptus

397 2979 467 3053 est:
488 2979 920 3072 DoaorbansMellerstau.
972 2976 1139 3050 Tandem
1150 2977 1385 3070 Servius-sub-

392 3082 570 3204 jungitur,
586 3104 645 3179 sed
663 3105 856 3178 recentiore
872 3120 907 3175 et
919 3079 1068 3173 'horrida
1090 3099 1274 3196 scriptura.
1325 3104 1386 3175 Ad

396 3213 650 3312 commentarii
667 3228 706 3299 in
718 3225 898 3323 Georgica
915 3226 1054 3297 calcem
1069 3222 1301 3298 subscribitur
1318 3227 1388 3299 Per

401 3361 570 3455 Casparem
583 3356 733 3451 Philippi
748 3354 786 3425 de
801 3353 940 3446 drtffden
955 3377 1032 3424 anno
1052 3352 1127 3422 Dni
1147 3353 1384 3426 Mccchxb’·

400 3479 503 3558 Idem
516 3507 660 3570 nomen,
677 3481 736 3555 sed
748 3481 819 3553 fine
832 3503 936 3566 anno,
951 3478 1015 3552 sub
1027 3480 1137 3550 finem
1150 3479 1386 3553 Commenta.

398 3607 448 3703 rii
465 3609 502 3680 in
517 3605 707 3678 AEneidem
724 3603 943 3698 adscriptum
957 3636 967 3684 ;
993 3582 1107 3696 ionem
1123 3600 1222 3672 Fabii
1244 3600 1388 3674 Planttae

395 3733 440 3822 de
465 3731 626 3827 Fulgentio
641 3727 761 3822 (Fabii
779 3725 981 3798 Planciadae
1009 3723 1206 3820 Fulgentii)
1228 3723 1388 3817 Exposttio

392 3857 605 3954 phdosophica
620 3856 775 3928 AEneidos
796 3854 984 3948 Virgiliauae
999 3849 1145 3944 excipit.
1198 3847 1256 3919 Fst
1273 3849 1301 3919 is
1319 3875 1386 3920 no.

397 4000 455 4054 tus
471 3982 612 4054 libellus
630 3982 675 4054 de
687 3980 909 4053 continentia
922 3975 1131 4072 Virgiliana.
1179 3971 1291 4045 Hunc
1312 3974 1387 4045 Co-

396 4106 518 4180 dicem
532 4126 770 4178 memoratum
782 4105 900 4176 videas
911 4104 947 4173 in
959 4098 1127 4195 Cypriani
1139 4097 1251 4170 Catil.
1267 4095 1385 4169 Codd.

395 4226 497 4318 Bibl.
515 4226 628 4300 Goth.
644 4253 682 4325 p.
701 4232 756 4318 82,
774 4253 809 4297 n.
827 4220 1074 4308 CCXXXVI,
1091 4237 1125 4291 et
1142 4221 1305 4306 aiterum,
1322 4217 1385 4314 qui

394 4350 568 4447 sequitur,
585 4375 621 4446 p.
642 4350 721 4439 106,
739 4346 778 4420 n.¹
796 4338 901 4420 LIV.'

448 4478 615 4550 Tandem
632 4477 896 4552 tertius-odionis
915 4474 1031 4547 forma
1042 4471 1209 4567 oblonga,
1224 4465 1386 4538 continet

498 4599 605 4672 Tou.
634 4622 661 4672 1.
954 4619 975 4668 e
1183 4585 1388 4670 AEncidem
