3575 5509
550 615 969 774 'onon-meon,
1011 676 1126 753 ile.
1158 674 1222 759 ur.
1306 695 1397 779 519*

399 890 524 989 Usque
540 888 704 965 coloratis
721 890 835 962 amnis
852 889 1005 961 devexus
1021 887 1066 959 ab
1083 872 1198 969 Indis;
1252 942 1257 957 .
1277 958 1282 996 ¹

401 1033 530 1107 Omnis
547 1033 586 1104 in
601 1031 666 1102 hac
684 1049 818 1103 certam
835 1030 934 1124 regio
942 1027 1032 1125 jacit
1043 1047 1118 1099 arte
1133 1027 1294 1101 salutem.

398 1170 563 1267 Exiguus
580 1169 873 1270 primum‚atque
889 1162 982 1259 ipsos
999 1165 1199 1236 eontradlus
1216 1164 1259 1235 ad
1273 1161 1368 1249 usus,

398 1314 558 1412 Eligitur
573 1314 690 1384 locus:
716 1312 810 1381 hunc
828 1292 1036 1405 angustique
1052 1308 1203 1379 imbrice
1220 1306 1302 1380 teeti

402 1529 433 1580 ab
455 1530 550 1584 oriente
569 1526 726 1585 ecunacum,
740 1524 825 1586 innui3
841 1524 888 1573 hoc
906 1523 1009 1573 alterum
1031 1523 1062 1572 ad
1081 1521 1141 1572 finer
1158 1523 1255 1588 imperii
1273 1520 1380 1573 Parthici

399 1607 507 1673 spedare
518 1606 594 1654 videri
612 1604 699 1668 potuit,
716 1618 771 1651 cum
784 1602 966 1651 Arabea'modo
979 1601 1052 1648 armis
1069 1597 1156 1649 domiti
1175 1600 1249 1648 modo
1266 1600 1380 1651 societate

400 1696 523 1732 armorum
534 1680 612 1745 jundii
630 1678 751 1743 interjedii
769 1677 851 1725 effent.
883 1678 951 1725 Tum
971 1692 1029 1725 vero
1048 1680 1127 1723 vicinia
1145 1680 1271 1738 avicinium
1282 1675 1324 1724 ubi
1339 1676 1381 1722 de-

402 1758 505 1816 duxeris,
520 1756 657 1821 intelliget:
674 1757 754 1802 eundem
767 1756 845 1802 Nilum
856 1773 929 1818 urgere
938 1757 1016 1799 vicinia
1028 1753 1127 1819 Perfidis,
1144 1753 1282 1816 propiorem
1293 1752 1382 1800 habere
1453 1802 1457 1807 ,

400 1836 496 1891 cursum
510 1834 596 1889 uersus
614 1831 717 1881 Parthos
735 1829 884 1884 ostiumNili
904 1827 1059 1879 Pelusiacum.
1086 1830 1185 1889 secundet
1196 1829 1383 1892 (hid-293.
1431 1841 1441 1855 ⁸

401 1908 569 1960 IlleRottend.
588 1922 625 1971 pr.
643 1922 688 1970 pro
708 1921 759 1957 var.
777 1905 834 1955 leet.
855 1907 883 1953 eri
903 1906 976 1967 Usque.
1007 1906 1099 1954 deveant
1110 1903 1238 1951 nonnullos
1248 1903 1337 1967 legille,
1352 1919 1383 1956 ne
1480 1907 1482 1914 ’

399 1987 511 2046 dubite⁸3
526 1984 593 2034 sensu
605 1983 674 2049 plane
686 1982 787 2041 eodem3
804 1982 844 2028 sed
855 1982 936 2028 minus
946 1981 1055 2044 poitice3
1072 1979 1138 2043 quod
1149 1979 1236 2028 declivi
1253 1981 1293 2028 via
1304 1982 1382 2031 deler-

399 2075 450 2121 tur,
465 2062 534 2110 idest
545 2065 652 2107 devexum.
691 2060 785 2107 abundis
796 2060 1000 2120 &aner-294.
1018 2060 1039 2102 in
1058 2058 1111 2117 hanc
1129 2056 1236 2104 Roman.
1269 2059 1382 2121 regio'cer·
1432 2061 1436 2076 '

401 2135 446 2191 tlon
457 2140 538 2185 Franc.
573 2146 624 2183 cmc
637 2136 789 2185 Medicam.
800 2151 836 2201 pr.
839 2140 899 2201 jacet
908 2136 1011 2185 Roman.
1025 2135 1088 2188 Gud.
1102 2150 1160 2184 am.
1171 2151 1208 2199 pr.
1217 2146 1242 2183 et
1251 2134 1299 2183 alii.
1329 2140 1383 2201 petie

401 2217 518 2276 Venetus,
534 2229 564 2262 ex
583 2214 787 2277 interpretatione.
821 2214 885 2262 imbre
897 2214 1003 2277 filubrem
1023 2212 1077 2261 Eri.
1096 2228 1111 2261 a
1131 2228 1163 2262 na
1184 2229 1231 2278 pn,
1247 2214 1343 2279 stupore
1353 2214 1384 2267 li·

400 2292 605 2355 brariiffi-295.
622 2282 715 2356 Exquis‘
724 2289 775 2339 Erf.
789 2292 811 2336 in
822 2292 867 2352 ψη
880 2290 973 2338 Medic.
987 2305 1045 2338 ana
1060 2304 1097 2353 pr.
1117 2300 1142 2338 et
1159 2288 1209 2347 alii,
1226 2306 1293 2339 more
1303 2290 1384 2346 solito.

401 2367 451 2425 vid.
463 2370 545 2422 Burni.
579 2366 631 2433 ipsos
639 2363 668 2413 ab
680 2362 812 2415 Mediceoa
822 2380 860 2429 pr.
872 2380 909 2413 m.
922 2364 1010 2416 aberat.
1044 2364 1219 2414 Leniutfuillet
1229 2377 1290 2431 arque
1299 2368 1342 2416 hos.

390 2540 659 2621 fiptemoradn·ersa.
697 2539 869 2672 Ipiturtotus
917 2551 1013 2598 ornatu
1025 2559 1057 2598 ac
1076 2538 1178 2597 lumine
1190 2539 1292 2617 fulgere
1303 2540 1388 2601 facile

402 2620 479 2677 locus
509 2617 563 2675 huc
589 2617 677 2674 redit:
729 2632 868 2675 ettotam
916 2617 1012 2677 sentio.
1050 2617 1104 2674 Sed
1120 2632 1147 2673 et
1163 2617 1211 2674 hic
1229 2615 1384 2676 mihivide-

401 2693 564 2771 AEgyptum‚
583 2713 645 2751 curn
663 2694 693 2751 in
705 2694 871 2752 occidentali
902 2708 961 2752 'tur
981 2692 1184 2772 Euphorionem
1201 2694 1320 2769 aliquem
1337 2710 1385 2753 aut

374 2765 377 2780 ’
403 2772 496 2839 latere,
531 2770 605 2829 circa
638 2770 792 2847 Canopum⁸
813 2791 868 2829 non
917 2772 1001 2830 aliurn
1031 2778 1138 2847 poetam
1168 2770 1385 2831 Alexandrinum

389 2847 485 2926 ¹longe
506 2847 541 2908 ab
562 2847 739 2912 Alexandria,
758 2862 816 2907 tum
839 2849 869 2908 in
917 2848 1076 2937 expreffille3
1112 2847 1309 2923 quem‘locum
1335 2848 1384 2926 qui

402 2924 541 2993 orientali,
560 2925 649 2982 versus
670 2926 735 2982 lines
749 2924 869 2984 Parthici
918 2945 1009 2983 animo
1025 2923 1160 2991 tenebant,
1182 2924 1303 2988 Romani
1317 2932 1384 2998 poe.

400 3001 522 3091 imperii,
542 2999 663 3078 adeoque
672 3020 720 3079 per
730 3015 815 3059 totam
827 3002 870 3059 in·
919 3018 954 3059 tae
974 2999 1054 3079 copia
1072 3001 1158 3078 magis
1179 3000 1248 3058 forte
1269 3000 1383 3058 deletu.

402 3078 529 3138 seriorem
542 3078 692 3156 AEgypturn
714 3077 808 3153 (Delta
820 3098 869 3136 no·
919 3080 1028 3147 bantur,
1047 3097 1079 3136 ac
1092 3098 1164 3134 nunc
1177 3077 1205 3134 in
1219 3076 1312 3135 nostris
1325 3078 1384 3139 ani.

395 3156 478 3215 enine
496 3156 682 3227 celebratam),
700 3165 777 3215 omnir
794 3165 869 3234 regio,
918 3155 982 3224 mis,
1015 3155 1068 3212 hoc
1103 3154 1208 3212 auxilio
1240 3152 1384 3225 destitutis,

403 3247 463 3291 tota
482 3252 559 3309 gens,
569 3238 639 3311 jacit
640 3232 753 3309 salutem
766 3250 869 3297 certam.
917 3234 976 3290 fieri
988 3232 1079 3310 potest.
1108 3231 1137 3288 Si
1150 3231 1196 3288 cui
1208 3224 1297 3289 tamen
1308 3233 1386 3291 aliter

402 3309 482 3388 ponit
492 3309 583 3366 salutis
595 3308 667 3387 spem
686 3308 869 3376 andaciam,
918 3309 1037 3374 videtur,
1056 3308 1096 3364 nil
1108 3308 1256 3365 intercedo.

402 3396 430 3445 in
449 3386 499 3446 hac
516 3401 582 3453 arte,
599 3386 739 3475 reparandi
756 3406 818 3464 apes
835 3407 870 3443 ex
959 3404 1024 3465 295·
1038 3384 1134 3442 ·Conf.
1159 3404 1221 3441 cum
1242 3386 1313 3464 seqq.
1338 3408 1385 3446 ex-

402 3462 504 3521 bovunt
543 3460 698 3521 visceribus.
765 3464 870 3521 Locum
918 3479 1040 3541 cerptum
1051 3481 1086 3518 ex
1101 3460 1256 3519 Florentino
1266 3464 1295 3519 in
1309 3464 1385 3524 Geo-

404 3537 598 3612 vexatiffimum
624 3538 719 3614 videor
742 3540 810 3598 mihi
834 3540 869 3596 fic
919 3561 983 3618 pon.
1009 3538 1081 3607 XV,
1101 3562 1138 3606 2,·
1151 3560 1177 3671 p.
1203 3544 1260 3615 406
1273 3540 1330 3618 sqq.
1347 3547 1385 3622 (p.

402 3615 467 3675 satis
504 3615 661 3673 'commoda
702 3615 872 3693 interpretari
923 3637 996 3694 1070
1021 3617 1060 3694 sq.
1091 3617 1149 3674 Nic
1163 3620 1195 3686 .).‘
1256 3616 1389 3695 Sequutus,

403 3694 491 3772 polle3
512 3691 542 3749 in
560 3693 676 3749 aliorum
696 3694 808 3769 quidem
829 3713 872 3756 ra·
920 3693 991 3750 forte
1025 3694 1111 3752 noster
1133 3709 1190 3750 erat
1223 3692 1389 3768 Varronem,

403 3768 526 3829 tionibus
547 3768 598 3825 sive
617 3768 798 3845 expendendis
818 3768 881 3826 sive·
921 3772 998 3847 cuj'us
1009 3769 1060 3827 hac
1074 3772 1110 3828 de
1122 3772 1245 3839 relocat,
1258 3774 1291 3828 ad
1306 3794 1386 3851 quem

404 3843 558 3906 refellendis
589 3864 677 3901 motas
708 3865 794 3923 neque
826 3847 872 3904 hic
922 3845 1094 3912 Florentinus
1117 3846 1257 3926 pro'vocat,
1276 3849 1387 3907 interci-

404 3924 520 3983 neilam.
548 3921 588 3977 At
601 3922 620 3978 fi
630 3922 687 3997 J'am
699 3923 734 3980 de
745 3922 802 3999 ipsa
815 3923 871 3980 sen·
919 3924 985 3983 disse
993 3924 1109 3984 videtur.
1147 3934 1294 3992 contrarius,
1311 3946 1388 3984 coar-

404 3999 491 4057 tentia
509 4013 537 4056 et
556 3997 666 4075 po'e'tica
686 3999 789 4057 ratione
799 4000 874 4076 judi·
922 4015 1002 4068 tatus,
1018 4001 1104 4079 spatio
1117 4004 1227 4079 angusto
1240 4002 1334 4068 fadius,
1351 4005 1387 4060 ad

405 4076 479 4134 cium
512 4075 650 4131 ferendum
675 4078 721 4141 eil,
758 4075 812 4133 Vir
832 4076 873 4135 ilii
922 4077 994 4135 hunc
1014 4077 1099 4156 ipsum
1120 4077 1207 4147 usum,
1226 4078 1300 4144 locus,
1316 4080 1388 4148 οἶκος,

340 4215 344 4224 ,
405 4170 518 4211 acumen
529 4166 556 4208 et
569 4153 759 4211 verecundiam
772 4097 874 4211 deddc·
921 4154 1001 4213 decem
1012 4156 1144 4213 cubitorum
1156 4166 1182 4212 in
1194 4154 1350 4213 altitudinem
1363 4172 1388 4215 et

335 4234 337 4238 ’
407 4247 466 4288 rare
499 4228 569 4287 mihi
599 4229 702 4287 videor.
743 4228 818 4289 Nam
847 4248 875 4289 et
922 4229 1090 4300 latitudinem,
1103 4231 1193 4305 inquit
1207 4228 1390 4299 Florentinus.

406 4304 490 4364 nimiu
502 4308 635 4381 protradla
647 4322 673 4364 et
684 4307 813 4385 impedita
825 4307 874 4365 fri-
898 4348 902 4354 -
923 4313 990 4384 296.
1020 4313 1096 4367 Hunc
1117 4307 1208 4371 locum
1241 4323 1268 4362 et
1292 4316 1392 4389 angystt

378 4393 383 4402 ‘
443 4380 577 4448 toratio,
596 4396 623 4441 et
644 4384 735 4471 paullo
755 4386 874 4461 je'unius
922 4386 1022 4444 imbrice
1038 4395 1106 4451 terli,
1126 4382 1154 4439 h.
1181 4383 1292 4459 angusto
1320 4390 1391 4449 tecio

406 4402 474 4517 §ili
503 4470 598 4520 natura
629 4458 671 4517 bis
694 4407 872 4526 describitur:
924 4464 1012 4538 (eujus
1042 4456 1156 4536 fastigiis
1175 4459 1279 4539 imponi
1305 4460 1390 4522 solent

406 4534 683 4626 quamquamfingula
696 4538 875 4626 menbrasuo
922 4558 996 4605 cava
1009 4537 1116 4622 tegulae,
1135 4536 1277 4615 imbrices),
1296 4553 1323 4595 et
1336 4556 1391 4615 pa.
1495 4535 1501 4548 ‘

1260 4675 1263 4684 ,
1296 4616 1397 4682 rictibus
