<?xml version="1.0" encoding="UTF-8"?>
<!DOCTYPE html PUBLIC "-//W3C//DTD XHTML 1.0 Transitional//EN"
    "http://www.w3.org/TR/xhtml1/DTD/xhtml1-transitional.dtd">
<html xmlns="http://www.w3.org/1999/xhtml" xml:lang="en" lang="en">
 <head>
  <title>
</title>
<meta http-equiv="Content-Type" content="text/html;charset=utf-8" />
  <meta name='ocr-system' content='tesseract 3.04.00' />
  <meta name='ocr-capabilities' content='ocr_page ocr_carea ocr_par ocr_line ocrx_word'/>
</head>
<body>
  <div class='ocr_page' id='page_1' title='image "./operavarietatel00virggoog/operavarietatel00virggoog_0770.png"; bbox 0 0 3575 5509; ppageno 0'>
   <div class='ocr_carea' id='block_1_1' title="bbox 407 683 1250 802">
    <p class='ocr_par' dir='ltr' id='par_1_1' title="bbox 407 683 1250 802">
     <span class='ocr_line' id='line_1_1' title="bbox 407 683 1250 802; baseline -0.017 -29"><span class='ocrx_word' id='word_1_1' title='bbox 407 721 479 802; x_wconf 81' lang='lat'>504</span> <span class='ocrx_word' id='word_1_2' title='bbox 536 697 577 770; x_wconf 85' lang='lat' dir='ltr'>P.</span> <span class='ocrx_word' id='word_1_3' title='bbox 612 683 904 769; x_wconf 80' lang='lat' dir='ltr'>vtuo1L11</span> <span class='ocrx_word' id='word_1_4' title='bbox 949 684 1250 759; x_wconf 80' lang='lat' dir='ltr'>unuouts</span> 
     </span>
    </p>
   </div>
   <div class='ocr_carea' id='block_1_2' title="bbox 397 892 1440 2575">
    <p class='ocr_par' dir='ltr' id='par_1_2' title="bbox 397 892 1440 2575">
     <span class='ocr_line' id='line_1_2' title="bbox 403 892 1224 989; baseline -0.006 -21"><span class='ocrx_word' id='word_1_5' title='bbox 403 894 541 975; x_wconf 76' lang='lat' dir='ltr'>Amisso</span> <span class='ocrx_word' id='word_1_6' title='bbox 549 915 676 989; x_wconf 88' lang='lat' dir='ltr'>rupere</span> <span class='ocrx_word' id='word_1_7' title='bbox 693 892 816 979; x_wconf 88' lang='lat' dir='ltr'>fidem,</span> <span class='ocrx_word' id='word_1_8' title='bbox 834 892 1100 988; x_wconf 77' lang='lat' dir='ltr'>constructaque</span> <span class='ocrx_word' id='word_1_9' title='bbox 1117 892 1224 974; x_wconf 77' lang='lat' dir='ltr'>mella</span> 
     </span>
     <span class='ocr_line' id='line_1_3' title="bbox 402 1035 1440 1134; baseline -0.006 -22"><span class='ocrx_word' id='word_1_10' title='bbox 402 1039 595 1134; x_wconf 87' lang='lat' dir='ltr'>Diripuere</span> <span class='ocrx_word' id='word_1_11' title='bbox 611 1036 709 1131; x_wconf 84' lang='lat' dir='ltr'>ipsae,</span> <span class='ocrx_word' id='word_1_12' title='bbox 723 1054 759 1107; x_wconf 88' lang='lat' dir='ltr'>et</span> <span class='ocrx_word' id='word_1_13' title='bbox 773 1052 884 1108; x_wconf 88' lang='lat' dir='ltr'>crates</span> <span class='ocrx_word' id='word_1_14' title='bbox 902 1035 1034 1107; x_wconf 87' lang='lat' dir='ltr'>solvere</span> <span class='ocrx_word' id='word_1_15' title='bbox 1051 1036 1224 1108; x_wconf 73' lang='lat' dir='ltr'>sevonum.</span> <span class='ocrx_word' id='word_1_16' title='bbox 1309 1039 1403 1127; x_wconf 81' lang='lat'>214&#39;</span> <span class='ocrx_word' id='word_1_17' title='bbox 1437 1085 1440 1091; x_wconf 87' lang='lat'><em>·</em></span> 
     </span>
     <span class='ocr_line' id='line_1_4' title="bbox 402 1168 1357 1267; baseline -0.001 -27"><span class='ocrx_word' id='word_1_18' title='bbox 402 1169 473 1250; x_wconf 81' lang='lat' dir='ltr'>llle</span> <span class='ocrx_word' id='word_1_19' title='bbox 484 1194 635 1267; x_wconf 91' lang='lat' dir='ltr'>operum</span> <span class='ocrx_word' id='word_1_20' title='bbox 649 1172 787 1255; x_wconf 83' lang='lat' dir='ltr'>custos;</span> <span class='ocrx_word' id='word_1_21' title='bbox 813 1170 918 1241; x_wconf 90' lang='lat' dir='ltr'>illum</span> <span class='ocrx_word' id='word_1_22' title='bbox 935 1168 1165 1257; x_wconf 78' lang='lat' dir='ltr'>admirantur,</span> <span class='ocrx_word' id='word_1_23' title='bbox 1180 1186 1217 1240; x_wconf 88' lang='lat' dir='ltr'>et</span> <span class='ocrx_word' id='word_1_24' title='bbox 1230 1190 1357 1240; x_wconf 84' lang='lat' dir='ltr'>omnes</span> 
     </span>
     <span class='ocr_line' id='line_1_5' title="bbox 405 1305 1388 1403; baseline -0.003 -22"><span class='ocrx_word' id='word_1_25' title='bbox 405 1308 644 1383; x_wconf 85' lang='lat' dir='ltr'>Circumstant</span> <span class='ocrx_word' id='word_1_26' title='bbox 660 1309 803 1381; x_wconf 88' lang='lat' dir='ltr'>fremitu</span> <span class='ocrx_word' id='word_1_27' title='bbox 821 1308 938 1395; x_wconf 84' lang='lat' dir='ltr'>denso,</span> <span class='ocrx_word' id='word_1_28' title='bbox 951 1306 1146 1403; x_wconf 83' lang='lat' dir='ltr'>stipantque</span> <span class='ocrx_word' id='word_1_29' title='bbox 1162 1305 1362 1402; x_wconf 85' lang='lat' dir='ltr'>frequentes</span> <span class='ocrx_word' id='word_1_30' title='bbox 1372 1338 1388 1388; x_wconf 69' lang='grc' dir='ltr'>ς-</span> 
     </span>
     <span class='ocr_line' id='line_1_6' title="bbox 401 1443 1263 1542; baseline -0.001 -24"><span class='ocrx_word' id='word_1_31' title='bbox 401 1443 453 1524; x_wconf 88' lang='lat' dir='ltr'>Et</span> <span class='ocrx_word' id='word_1_32' title='bbox 468 1447 561 1542; x_wconf 86' lang='lat' dir='ltr'>saepe</span> <span class='ocrx_word' id='word_1_33' title='bbox 572 1446 748 1522; x_wconf 79' lang='lat' dir='ltr'>adtollunt</span> <span class='ocrx_word' id='word_1_34' title='bbox 758 1446 927 1531; x_wconf 79' lang='lat' dir='ltr'>humeris,</span> <span class='ocrx_word' id='word_1_35' title='bbox 945 1463 980 1517; x_wconf 90' lang='lat' dir='ltr'>et</span> <span class='ocrx_word' id='word_1_36' title='bbox 992 1468 1147 1541; x_wconf 78' lang='lat' dir='ltr'>,corpora</span> <span class='ocrx_word' id='word_1_37' title='bbox 1163 1443 1263 1517; x_wconf 87' lang='lat' dir='ltr'>bello</span> 
     </span>
     <span class='ocr_line' id='line_1_7' title="bbox 402 1584 1385 1685; baseline 0 -22"><span class='ocrx_word' id='word_1_38' title='bbox 402 1586 613 1684; x_wconf 64' lang='lat' dir='ltr'>objectant*</span> <span class='ocrx_word' id='word_1_39' title='bbox 650 1584 910 1682; x_wconf 79' lang='lat' dir='ltr'><strong>pulchramque</strong></span> <span class='ocrx_word' id='word_1_40' title='bbox 960 1600 1088 1681; x_wconf 88' lang='lat' dir='ltr'>petunt</span> <span class='ocrx_word' id='word_1_41' title='bbox 1135 1607 1200 1685; x_wconf 89' lang='lat' dir='ltr'>per</span> <span class='ocrx_word' id='word_1_42' title='bbox 1239 1585 1385 1663; x_wconf 74' lang='lat' dir='ltr'>volnera</span> 
     </span>
     <span class='ocr_line' id='line_1_8' title="bbox 545 1742 1391 1797; baseline -0.014 0"><span class='ocrx_word' id='word_1_43' title='bbox 545 1742 712 1797; x_wconf 88' lang='lat' dir='ltr'>mortem.</span> <span class='ocrx_word' id='word_1_44' title='bbox 1387 1752 1391 1757; x_wconf 96' lang='lat'><em>·</em></span> 
     </span>
     <span class='ocr_line' id='line_1_9' title="bbox 399 1829 1305 1964; baseline 0.002 -31"><span class='ocrx_word' id='word_1_45' title='bbox 399 1829 472 1933; x_wconf 64' lang='lat' dir='ltr'>Hi·</span> <span class='ocrx_word' id='word_1_46' title='bbox 488 1860 636 1957; x_wconf 84' lang='lat' dir='ltr'>quidam</span> <span class='ocrx_word' id='word_1_47' title='bbox 649 1862 767 1960; x_wconf 83' lang='lat' dir='ltr'>signis,</span> <span class='ocrx_word' id='word_1_48' title='bbox 781 1878 886 1964; x_wconf 83' lang='lat' dir='ltr'>atque</span> <span class='ocrx_word' id='word_1_49' title='bbox 903 1861 981 1933; x_wconf 79' lang='lat' dir='ltr'>haec</span> <span class='ocrx_word' id='word_1_50' title='bbox 999 1862 1164 1958; x_wconf 79' lang='lat' dir='ltr'>exempla</span> <span class='ocrx_word' id='word_1_51' title='bbox 1179 1862 1305 1951; x_wconf 88' lang='lat' dir='ltr'>secuti,</span> 
     </span>
     <span class='ocr_line' id='line_1_10' title="bbox 397 1988 1388 2096; baseline 0 -26"><span class='ocrx_word' id='word_1_52' title='bbox 397 1988 481 2077; x_wconf 82' lang='lat' dir='ltr'>Effe</span> <span class='ocrx_word' id='word_1_53' title='bbox 496 1997 624 2096; x_wconf 88' lang='lat' dir='ltr'>apibus</span> <span class='ocrx_word' id='word_1_54' title='bbox 640 2014 780 2092; x_wconf 85' lang='lat' dir='ltr'>partem</span> <span class='ocrx_word' id='word_1_55' title='bbox 796 1997 930 2071; x_wconf 86' lang='lat' dir='ltr'>divinae</span> <span class='ocrx_word' id='word_1_56' title='bbox 947 1999 1075 2069; x_wconf 90' lang='lat' dir='ltr'>mentis</span> <span class='ocrx_word' id='word_1_57' title='bbox 1091 2015 1126 2069; x_wconf 89' lang='lat' dir='ltr'>et</span> <span class='ocrx_word' id='word_1_58' title='bbox 1143 1998 1284 2074; x_wconf 81' lang='lat' dir='ltr'>haustus</span> <span class='ocrx_word' id='word_1_59' title='bbox 1315 2016 1388 2070; x_wconf 84' lang='lat'>220</span> 
     </span>
     <span class='ocr_line' id='line_1_11' title="bbox 397 2130 1361 2233; baseline -0.005 -25"><span class='ocrx_word' id='word_1_60' title='bbox 397 2130 580 2208; x_wconf 85' lang='lat' dir='ltr'>AEthcrios</span> <span class='ocrx_word' id='word_1_61' title='bbox 597 2135 729 2211; x_wconf 78' lang='lat' dir='ltr'><strong>dixere,</strong></span> <span class='ocrx_word' id='word_1_62' title='bbox 780 2134 901 2208; x_wconf 89' lang='lat' dir='ltr'>Deum</span> <span class='ocrx_word' id='word_1_63' title='bbox 917 2156 1072 2233; x_wconf 85' lang='lat' dir='ltr'>namque</span> <span class='ocrx_word' id='word_1_64' title='bbox 1090 2136 1142 2207; x_wconf 87' lang='lat' dir='ltr'>ire</span> <span class='ocrx_word' id='word_1_65' title='bbox 1158 2156 1225 2232; x_wconf 86' lang='lat' dir='ltr'>per</span> <span class='ocrx_word' id='word_1_66' title='bbox 1241 2132 1361 2205; x_wconf 84' lang='lat' dir='ltr'>omnis</span> 
     </span>
     <span class='ocr_line' id='line_1_12' title="bbox 398 2336 1387 2420; baseline -0.001 -15"><span class='ocrx_word' id='word_1_67' title='bbox 398 2353 477 2405; x_wconf 66' lang='lat' dir='ltr'>norro</span> <span class='ocrx_word' id='word_1_68' title='bbox 488 2356 578 2409; x_wconf 74' lang='lat' dir='ltr'>incoloret·</span> <span class='ocrx_word' id='word_1_69' title='bbox 587 2354 691 2404; x_wconf 83' lang='lat' dir='ltr'>scribunt</span> <span class='ocrx_word' id='word_1_70' title='bbox 702 2366 806 2419; x_wconf 81' lang='lat' dir='ltr'>quatuor</span> <span class='ocrx_word' id='word_1_71' title='bbox 822 2356 886 2420; x_wconf 82' lang='lat' dir='ltr'>apud</span> <span class='ocrx_word' id='word_1_72' title='bbox 904 2357 987 2403; x_wconf 72' lang='lat' dir='ltr'>Burni.</span> <span class='ocrx_word' id='word_1_73' title='bbox 1018 2355 1047 2419; x_wconf 73' lang='lat' dir='ltr'>est</span> <span class='ocrx_word' id='word_1_74' title='bbox 1065 2353 1183 2403; x_wconf 77' lang='lat' dir='ltr'>omittunt</span> <span class='ocrx_word' id='word_1_75' title='bbox 1198 2364 1304 2417; x_wconf 81' lang='lat' dir='ltr'>quatuor</span> <span class='ocrx_word' id='word_1_76' title='bbox 1323 2336 1387 2418; x_wconf 82' lang='lat' dir='ltr'>apud</span> 
     </span>
     <span class='ocr_line' id='line_1_13' title="bbox 398 2426 1387 2500; baseline 0.001 -22"><span class='ocrx_word' id='word_1_77' title='bbox 398 2430 483 2480; x_wconf 73' lang='lat' dir='ltr'>nent</span> <span class='ocrx_word' id='word_1_78' title='bbox 496 2443 520 2479; x_wconf 77' lang='lat' dir='ltr'>et</span> <span class='ocrx_word' id='word_1_79' title='bbox 532 2447 593 2479; x_wconf 71' lang='lat' dir='ltr'>umis</span> <span class='ocrx_word' id='word_1_80' title='bbox 605 2432 810 2492; x_wconf 66' lang='lat' dir='ltr'>Mead.-·.-213.</span> <span class='ocrx_word' id='word_1_81' title='bbox 819 2433 968 2500; x_wconf 56' lang='lat' dir='ltr'>mulierque</span> <span class='ocrx_word' id='word_1_82' title='bbox 978 2430 1022 2480; x_wconf 86' lang='lat' dir='ltr'>sec</span> <span class='ocrx_word' id='word_1_83' title='bbox 1036 2432 1154 2483; x_wconf 79' lang='lat' dir='ltr'>Rottend.</span> <span class='ocrx_word' id='word_1_84' title='bbox 1162 2426 1387 2488; x_wconf 53' lang='lat' dir='ltr'>thllt--ntu</span> 
     </span>
     <span class='ocr_line' id='line_1_14' title="bbox 398 2506 1390 2575; baseline 0.005 -22"><span class='ocrx_word' id='word_1_85' title='bbox 398 2509 510 2571; x_wconf 70' lang='lat' dir='ltr'>Dirupere</span> <span class='ocrx_word' id='word_1_86' title='bbox 518 2506 565 2553; x_wconf 84' lang='lat' dir='ltr'>Ed.</span> <span class='ocrx_word' id='word_1_87' title='bbox 575 2508 644 2570; x_wconf 77' lang='lat' dir='ltr'>Jnnt.</span> <span class='ocrx_word' id='word_1_88' title='bbox 661 2516 684 2553; x_wconf 84' lang='lat' dir='ltr'>et</span> <span class='ocrx_word' id='word_1_89' title='bbox 704 2506 923 2568; x_wconf 55' lang='lat' dir='ltr'>Zeten-rue</span> <span class='ocrx_word' id='word_1_90' title='bbox 941 2508 987 2575; x_wconf 77' lang='lat' dir='ltr'>lpse</span> <span class='ocrx_word' id='word_1_91' title='bbox 1003 2516 1081 2571; x_wconf 80' lang='lat' dir='ltr'><strong>quart.</strong></span> <span class='ocrx_word' id='word_1_92' title='bbox 1095 2509 1187 2555; x_wconf 74' lang='lat' dir='ltr'>Monet.</span> <span class='ocrx_word' id='word_1_93' title='bbox 1221 2508 1390 2570; x_wconf 60' lang='lat' dir='ltr'>illudentem</span> 
     </span>
    </p>
   </div>
   <div class='ocr_carea' id='block_1_3' title="bbox 397 2581 1386 2729">
    <p class='ocr_par' dir='ltr' id='par_1_3' title="bbox 397 2581 1386 2729">
     <span class='ocr_line' id='line_1_15' title="bbox 397 2581 1386 2650; baseline 0.002 -19"><span class='ocrx_word' id='word_1_94' title='bbox 397 2581 492 2631; x_wconf 83' lang='lat' dir='ltr'>Medic.</span> <span class='ocrx_word' id='word_1_95' title='bbox 505 2597 520 2629; x_wconf 83' lang='lat' dir='ltr'>a</span> <span class='ocrx_word' id='word_1_96' title='bbox 531 2598 564 2629; x_wconf 87' lang='lat' dir='ltr'>m.</span> <span class='ocrx_word' id='word_1_97' title='bbox 582 2583 741 2646; x_wconf 85' lang='lat' dir='ltr'>pr.—216.</span> <span class='ocrx_word' id='word_1_98' title='bbox 751 2585 869 2650; x_wconf 79' lang='lat' dir='ltr'>frementes</span> <span class='ocrx_word' id='word_1_99' title='bbox 886 2585 988 2633; x_wconf 86' lang='lat' dir='ltr'>Mentel.</span> <span class='ocrx_word' id='word_1_100' title='bbox 1007 2600 1045 2649; x_wconf 84' lang='lat' dir='ltr'>pr,</span> <span class='ocrx_word' id='word_1_101' title='bbox 1071 2582 1167 2631; x_wconf 89' lang='lat' dir='ltr'>Zulich.</span> <span class='ocrx_word' id='word_1_102' title='bbox 1184 2594 1209 2632; x_wconf 87' lang='lat' dir='ltr'>ct</span> <span class='ocrx_word' id='word_1_103' title='bbox 1226 2583 1386 2635; x_wconf 85' lang='lat' dir='ltr'>Bodlci.--</span> 
     </span>
     <span class='ocr_line' id='line_1_16' title="bbox 397 2656 1195 2729; baseline -0.005 -18"><span class='ocrx_word' id='word_1_104' title='bbox 397 2659 455 2711; x_wconf 76' lang='lat'>218.</span> <span class='ocrx_word' id='word_1_105' title='bbox 467 2656 594 2726; x_wconf 69' lang='lat' dir='ltr'>perfurera</span> <span class='ocrx_word' id='word_1_106' title='bbox 602 2659 678 2708; x_wconf 87' lang='lat' dir='ltr'>Goth.</span> <span class='ocrx_word' id='word_1_107' title='bbox 690 2674 852 2725; x_wconf 83' lang='lat' dir='ltr'>pr.-·221.</span> <span class='ocrx_word' id='word_1_108' title='bbox 870 2662 983 2708; x_wconf 82' lang='lat' dir='ltr'>AEtbereos</span> <span class='ocrx_word' id='word_1_109' title='bbox 994 2660 1046 2720; x_wconf 82' lang='lat' dir='ltr'>alii,</span> <span class='ocrx_word' id='word_1_110' title='bbox 1056 2672 1083 2709; x_wconf 92' lang='lat' dir='ltr'>ut</span> <span class='ocrx_word' id='word_1_111' title='bbox 1094 2661 1195 2729; x_wconf 80' lang='lat' dir='ltr'>semper.</span> 
     </span>
    </p>
   </div>
   <div class='ocr_carea' id='block_1_4' title="bbox 395 2817 1387 3054">
    <p class='ocr_par' dir='ltr' id='par_1_4' title="bbox 395 2817 1387 3054">
     <span class='ocr_line' id='line_1_17' title="bbox 395 2817 1385 2900; baseline 0.002 -25"><span class='ocrx_word' id='word_1_112' title='bbox 395 2817 491 2877; x_wconf 85' lang='lat' dir='ltr'>locum</span> <span class='ocrx_word' id='word_1_113' title='bbox 510 2818 610 2879; x_wconf 82' lang='lat' dir='ltr'>Seneca</span> <span class='ocrx_word' id='word_1_114' title='bbox 631 2818 667 2877; x_wconf 90' lang='lat' dir='ltr'>de</span> <span class='ocrx_word' id='word_1_115' title='bbox 688 2820 823 2887; x_wconf 83' lang='lat' dir='ltr'>Clement.</span> <span class='ocrx_word' id='word_1_116' title='bbox 840 2821 866 2889; x_wconf 91' lang='lat' dir='ltr'>I,</span> <span class='ocrx_word' id='word_1_117' title='bbox 914 2821 989 2888; x_wconf 88' lang='lat' dir='ltr'>dem,</span> <span class='ocrx_word' id='word_1_118' title='bbox 1025 2821 1152 2879; x_wconf 82' lang='lat' dir='ltr'>dissoluto</span> <span class='ocrx_word' id='word_1_119' title='bbox 1166 2838 1305 2900; x_wconf 81' lang='lat' dir='ltr'>corpore,</span> <span class='ocrx_word' id='word_1_120' title='bbox 1334 2818 1385 2877; x_wconf 75' lang='lat' dir='ltr'>ite·</span> 
     </span>
     <span class='ocr_line' id='line_1_18' title="bbox 397 2896 1387 2977; baseline -0.002 -20"><span class='ocrx_word' id='word_1_121' title='bbox 397 2915 428 2971; x_wconf 82' lang='lat'>4·</span> <span class='ocrx_word' id='word_1_122' title='bbox 478 2916 540 2973; x_wconf 83' lang='lat'>214.</span> <span class='ocrx_word' id='word_1_123' title='bbox 565 2913 644 2956; x_wconf 80' lang='lat' dir='ltr'>crates</span> <span class='ocrx_word' id='word_1_124' title='bbox 657 2906 797 2976; x_wconf 84' lang='lat' dir='ltr'>favorum,</span> <span class='ocrx_word' id='word_1_125' title='bbox 816 2918 866 2977; x_wconf 87' lang='lat' dir='ltr'>pro</span> <span class='ocrx_word' id='word_1_126' title='bbox 915 2918 975 2957; x_wconf 84' lang='lat' dir='ltr'>tum</span> <span class='ocrx_word' id='word_1_127' title='bbox 991 2897 1021 2955; x_wconf 88' lang='lat' dir='ltr'>in</span> <span class='ocrx_word' id='word_1_128' title='bbox 1041 2897 1079 2967; x_wconf 90' lang='lat' dir='ltr'>sc,</span> <span class='ocrx_word' id='word_1_129' title='bbox 1098 2913 1235 2975; x_wconf 85' lang='lat' dir='ltr'>tamquam</span> <span class='ocrx_word' id='word_1_130' title='bbox 1258 2896 1310 2955; x_wconf 90' lang='lat' dir='ltr'>fibi</span> <span class='ocrx_word' id='word_1_131' title='bbox 1323 2924 1387 2969; x_wconf 73' lang='grc' dir='ltr'>συγ·</span> 
     </span>
     <span class='ocr_line' id='line_1_19' title="bbox 396 2972 1384 3054; baseline 0.003 -23"><span class='ocrx_word' id='word_1_132' title='bbox 396 2972 488 3034; x_wconf 79' lang='lat' dir='ltr'>textis.</span> <span class='ocrx_word' id='word_1_133' title='bbox 498 2995 525 3032; x_wconf 92' lang='lat' dir='ltr'>v.</span> <span class='ocrx_word' id='word_1_134' title='bbox 537 2973 591 3033; x_wconf 91' lang='lat' dir='ltr'>Ge.</span> <span class='ocrx_word' id='word_1_135' title='bbox 604 2974 630 3045; x_wconf 89' lang='lat' dir='ltr'>l,</span> <span class='ocrx_word' id='word_1_136' title='bbox 648 2977 712 3040; x_wconf 84' lang='lat'>166.</span> <span class='ocrx_word' id='word_1_137' title='bbox 751 2976 866 3034; x_wconf 87' lang='lat' dir='ltr'>Faciunt</span> <span class='ocrx_word' id='word_1_138' title='bbox 914 2982 997 3047; x_wconf 69' lang='grc' dir='ltr'>«γενεΐς,</span> <span class='ocrx_word' id='word_1_139' title='bbox 1023 2974 1177 3054; x_wconf 70' lang='grc' dir='ltr'>πεοίρὶωπε.</span> <span class='ocrx_word' id='word_1_140' title='bbox 1198 2976 1273 3033; x_wconf 88' lang='lat' dir='ltr'>Cum</span> <span class='ocrx_word' id='word_1_141' title='bbox 1294 2989 1384 3036; x_wconf 75' lang='lat' dir='ltr'>autem</span> 
     </span>
    </p>
   </div>
   <div class='ocr_carea' id='block_1_5' title="bbox 277 3048 1385 3139">
    <p class='ocr_par' dir='ltr' id='par_1_5' title="bbox 277 3048 1385 3139">
     <span class='ocr_line' id='line_1_20' title="bbox 277 3048 1385 3139; baseline 0.005 -35"><span class='ocrx_word' id='word_1_142' title='bbox 277 3085 280 3089; x_wconf 95' lang='lat'>-</span> <span class='ocrx_word' id='word_1_143' title='bbox 395 3048 502 3139; x_wconf 77' lang='lat' dir='ltr'>itaque,</span> <span class='ocrx_word' id='word_1_144' title='bbox 531 3054 606 3130; x_wconf 91' lang='lat' dir='ltr'>quod</span> <span class='ocrx_word' id='word_1_145' title='bbox 636 3054 703 3129; x_wconf 85' lang='lat' dir='ltr'>saepe</span> <span class='ocrx_word' id='word_1_146' title='bbox 733 3052 867 3111; x_wconf 82' lang='lat' dir='ltr'>exercitus</span> <span class='ocrx_word' id='word_1_147' title='bbox 916 3052 964 3108; x_wconf 90' lang='lat' dir='ltr'>illa</span> <span class='ocrx_word' id='word_1_148' title='bbox 987 3072 1061 3112; x_wconf 86' lang='lat' dir='ltr'>mens</span> <span class='ocrx_word' id='word_1_149' title='bbox 1086 3051 1246 3112; x_wconf 84' lang='lat' dir='ltr'>subtiliffimi</span> <span class='ocrx_word' id='word_1_150' title='bbox 1277 3072 1309 3108; x_wconf 84' lang='lat' dir='ltr'>ac</span> <span class='ocrx_word' id='word_1_151' title='bbox 1334 3072 1385 3131; x_wconf 88' lang='lat' dir='ltr'>pu-</span> 
     </span>
    </p>
   </div>
   <div class='ocr_carea' id='block_1_6' title="bbox 307 3125 1386 4373">
    <p class='ocr_par' dir='ltr' id='par_1_6' title="bbox 307 3125 1386 4373">
     <span class='ocr_line' id='line_1_21' title="bbox 395 3125 1385 3207; baseline -0.001 -23"><span class='ocrx_word' id='word_1_152' title='bbox 395 3125 609 3207; x_wconf 81' lang='lat' dir='ltr'>fecilselcgimus</span> <span class='ocrx_word' id='word_1_153' title='bbox 621 3130 713 3187; x_wconf 86' lang='lat' dir='ltr'>amillo</span> <span class='ocrx_word' id='word_1_154' title='bbox 725 3129 864 3188; x_wconf 87' lang='lat' dir='ltr'>duccsuo:</span> <span class='ocrx_word' id='word_1_155' title='bbox 916 3126 1009 3187; x_wconf 83' lang='lat' dir='ltr'>riffimi</span> <span class='ocrx_word' id='word_1_156' title='bbox 1031 3128 1135 3186; x_wconf 79' lang='lat' dir='ltr'>retheris</span> <span class='ocrx_word' id='word_1_157' title='bbox 1157 3144 1204 3185; x_wconf 85' lang='lat' dir='ltr'>aut</span> <span class='ocrx_word' id='word_1_158' title='bbox 1220 3129 1295 3207; x_wconf 88' lang='lat' dir='ltr'>ignis</span> <span class='ocrx_word' id='word_1_159' title='bbox 1306 3144 1385 3186; x_wconf 79' lang='lat' dir='ltr'>natu.</span> 
     </span>
     <span class='ocr_line' id='line_1_22' title="bbox 394 3205 1384 3284; baseline 0.001 -22"><span class='ocrx_word' id='word_1_160' title='bbox 394 3221 538 3282; x_wconf 74' lang='lat' dir='ltr'>rumpunt,</span> <span class='ocrx_word' id='word_1_161' title='bbox 561 3205 667 3264; x_wconf 88' lang='lat' dir='ltr'>solvunt</span> <span class='ocrx_word' id='word_1_162' title='bbox 686 3206 779 3275; x_wconf 89' lang='lat' dir='ltr'>fidem,</span> <span class='ocrx_word' id='word_1_163' title='bbox 802 3205 867 3264; x_wconf 84' lang='lat' dir='ltr'>dcli-</span> <span class='ocrx_word' id='word_1_164' title='bbox 916 3225 975 3263; x_wconf 87' lang='lat' dir='ltr'>ram</span> <span class='ocrx_word' id='word_1_165' title='bbox 999 3206 1097 3263; x_wconf 81' lang='lat' dir='ltr'>habere</span> <span class='ocrx_word' id='word_1_166' title='bbox 1120 3206 1292 3270; x_wconf 78' lang='lat' dir='ltr'>crederetur:</span> <span class='ocrx_word' id='word_1_167' title='bbox 1330 3205 1384 3284; x_wconf 85' lang='lat' dir='ltr'><strong>spi·</strong></span> 
     </span>
     <span class='ocr_line' id='line_1_23' title="bbox 396 3280 1386 3355; baseline -0.002 -13"><span class='ocrx_word' id='word_1_168' title='bbox 396 3280 483 3343; x_wconf 87' lang='lat' dir='ltr'>ciunt.</span> <span class='ocrx_word' id='word_1_169' title='bbox 916 3281 984 3355; x_wconf 84' lang='lat' dir='ltr'>ritus</span> <span class='ocrx_word' id='word_1_170' title='bbox 1003 3300 1037 3339; x_wconf 85' lang='lat' dir='ltr'>ex</span> <span class='ocrx_word' id='word_1_171' title='bbox 1056 3302 1088 3338; x_wconf 91' lang='lat' dir='ltr'>ea</span> <span class='ocrx_word' id='word_1_172' title='bbox 1107 3297 1258 3341; x_wconf 83' lang='lat' dir='ltr'>emanantes</span> <span class='ocrx_word' id='word_1_173' title='bbox 1271 3282 1386 3340; x_wconf 71' lang='lat' dir='ltr'>cethen&#39;or</span> 
     </span>
     <span class='ocr_line' id='line_1_24' title="bbox 437 3353 1386 3436; baseline -0.002 -16"><span class='ocrx_word' id='word_1_174' title='bbox 437 3361 503 3425; x_wconf 82' lang='lat'>216,</span> <span class='ocrx_word' id='word_1_175' title='bbox 524 3358 755 3429; x_wconf 80' lang='lat' dir='ltr'>Vid.Varr.111,</span> <span class='ocrx_word' id='word_1_176' title='bbox 772 3362 817 3428; x_wconf 87' lang='lat'>16,</span> <span class='ocrx_word' id='word_1_177' title='bbox 839 3366 865 3420; x_wconf 87' lang='grc'>8.</span> <span class='ocrx_word' id='word_1_178' title='bbox 914 3358 1015 3436; x_wconf 83' lang='lat' dir='ltr'>haustus</span> <span class='ocrx_word' id='word_1_179' title='bbox 1034 3353 1116 3417; x_wconf 85' lang='lat' dir='ltr'><strong>dixit.</strong></span> <span class='ocrx_word' id='word_1_180' title='bbox 1155 3358 1233 3417; x_wconf 76' lang='lat' dir='ltr'>idem</span> <span class='ocrx_word' id='word_1_181' title='bbox 1252 3359 1386 3436; x_wconf 86' lang='lat' dir='ltr'>placitum</span> 
     </span>
     <span class='ocr_line' id='line_1_25' title="bbox 396 3434 1385 3515; baseline 0 -22"><span class='ocrx_word' id='word_1_182' title='bbox 396 3436 512 3495; x_wconf 76' lang='lat' dir='ltr'>Aristot.</span> <span class='ocrx_word' id='word_1_183' title='bbox 527 3435 568 3495; x_wconf 94' lang='lat' dir='ltr'>H.</span> <span class='ocrx_word' id='word_1_184' title='bbox 583 3440 620 3496; x_wconf 88' lang='lat' dir='ltr'>A.</span> <span class='ocrx_word' id='word_1_185' title='bbox 635 3437 691 3505; x_wconf 91' lang='lat' dir='ltr'>IX,</span> <span class='ocrx_word' id='word_1_186' title='bbox 708 3456 757 3511; x_wconf 87' lang='lat'>40.</span> <span class='ocrx_word' id='word_1_187' title='bbox 799 3457 864 3512; x_wconf 85' lang='lat'>217.</span> <span class='ocrx_word' id='word_1_188' title='bbox 913 3434 1039 3515; x_wconf 83' lang='lat' dir='ltr'>exposuit</span> <span class='ocrx_word' id='word_1_189' title='bbox 1050 3438 1116 3502; x_wconf 81' lang='lat' dir='ltr'>AEn.</span> <span class='ocrx_word' id='word_1_190' title='bbox 1143 3434 1197 3504; x_wconf 93' lang='lat' dir='ltr'>VI,</span> <span class='ocrx_word' id='word_1_191' title='bbox 1237 3455 1385 3515; x_wconf 82' lang='lat'>24-751‚</span> 
     </span>
     <span class='ocr_line' id='line_1_26' title="bbox 396 3458 1385 3593; baseline 0.001 -25"><span class='ocrx_word' id='word_1_192' title='bbox 396 3511 459 3569; x_wconf 82' lang='lat' dir='ltr'>bello</span> <span class='ocrx_word' id='word_1_193' title='bbox 483 3514 629 3593; x_wconf 61' lang='lat' dir='ltr'>Objeuane</span> <span class='ocrx_word' id='word_1_194' title='bbox 653 3516 734 3572; x_wconf 86' lang='lat' dir='ltr'>armis</span> <span class='ocrx_word' id='word_1_195' title='bbox 761 3512 865 3577; x_wconf 88' lang='lat' dir='ltr'>hostili·</span> <span class='ocrx_word' id='word_1_196' title='bbox 913 3526 941 3568; x_wconf 88' lang='lat' dir='ltr'>et</span> <span class='ocrx_word' id='word_1_197' title='bbox 977 3514 1122 3571; x_wconf 87' lang='lat' dir='ltr'>tenendum</span> <span class='ocrx_word' id='word_1_198' title='bbox 1163 3458 1233 3577; x_wconf 87' lang='lat' dir='ltr'>illud</span> <span class='ocrx_word' id='word_1_199' title='bbox 1273 3527 1385 3591; x_wconf 76' lang='lat' dir='ltr'>propter</span> 
     </span>
     <span class='ocr_line' id='line_1_27' title="bbox 395 3587 1385 3669; baseline 0.002 -26"><span class='ocrx_word' id='word_1_200' title='bbox 395 3587 465 3644; x_wconf 84' lang='lat' dir='ltr'>buc:</span> <span class='ocrx_word' id='word_1_201' title='bbox 505 3590 695 3669; x_wconf 85' lang='lat' dir='ltr'>ingruentibus</span> <span class='ocrx_word' id='word_1_202' title='bbox 736 3592 865 3650; x_wconf 88' lang='lat' dir='ltr'>hostibus.</span> <span class='ocrx_word' id='word_1_203' title='bbox 914 3590 1000 3647; x_wconf 88' lang='lat' dir='ltr'>multa</span> <span class='ocrx_word' id='word_1_204' title='bbox 1038 3590 1092 3647; x_wconf 87' lang='lat' dir='ltr'>alia</span> <span class='ocrx_word' id='word_1_205' title='bbox 1130 3597 1274 3667; x_wconf 70' lang='lat' dir='ltr'>poetarum</span> <span class='ocrx_word' id='word_1_206' title='bbox 1311 3591 1385 3653; x_wconf 78' lang='lat' dir='ltr'>loca.</span> 
     </span>
     <span class='ocr_line' id='line_1_28' title="bbox 397 3661 1385 3747; baseline 0.004 -28"><span class='ocrx_word' id='word_1_207' title='bbox 397 3661 500 3723; x_wconf 89' lang='lat' dir='ltr'>Omnia</span> <span class='ocrx_word' id='word_1_208' title='bbox 512 3668 569 3726; x_wconf 86' lang='lat' dir='ltr'>haec</span> <span class='ocrx_word' id='word_1_209' title='bbox 589 3668 707 3747; x_wconf 86' lang='lat' dir='ltr'>graviter</span> <span class='ocrx_word' id='word_1_210' title='bbox 719 3684 746 3728; x_wconf 91' lang='lat' dir='ltr'>ct</span> <span class='ocrx_word' id='word_1_211' title='bbox 759 3685 864 3729; x_wconf 87' lang='lat' dir='ltr'>ornate.</span> <span class='ocrx_word' id='word_1_212' title='bbox 915 3666 1037 3725; x_wconf 76' lang='lat' dir='ltr'>Scilicet</span> <span class='ocrx_word' id='word_1_213' title='bbox 1052 3687 1148 3743; x_wconf 80' lang='lat' dir='ltr'>magna</span> <span class='ocrx_word' id='word_1_214' title='bbox 1173 3687 1233 3743; x_wconf 88' lang='lat' dir='ltr'>pars</span> <span class='ocrx_word' id='word_1_215' title='bbox 1256 3666 1385 3745; x_wconf 66' lang='lat' dir='ltr'>poetico.</span> 
     </span>
     <span class='ocr_line' id='line_1_29' title="bbox 435 3742 1386 3823; baseline -0.004 -18"><span class='ocrx_word' id='word_1_216' title='bbox 435 3760 599 3823; x_wconf 84' lang='lat'>219-227.</span> <span class='ocrx_word' id='word_1_217' title='bbox 665 3744 709 3803; x_wconf 85' lang='lat' dir='ltr'>Ex</span> <span class='ocrx_word' id='word_1_218' title='bbox 765 3744 864 3823; x_wconf 86' lang='lat' dir='ltr'>Pytha·</span> <span class='ocrx_word' id='word_1_219' title='bbox 913 3743 1246 3823; x_wconf 74' lang='lat' dir='ltr'>comphilosophematum</span> <span class='ocrx_word' id='word_1_220' title='bbox 1267 3762 1302 3801; x_wconf 88' lang='lat' dir='ltr'>ex</span> <span class='ocrx_word' id='word_1_221' title='bbox 1319 3742 1386 3801; x_wconf 89' lang='lat' dir='ltr'>Em·</span> 
     </span>
     <span class='ocr_line' id='line_1_30' title="bbox 362 3820 1385 3911; baseline 0.003 -38"><span class='ocrx_word' id='word_1_222' title='bbox 362 3820 367 3831; x_wconf 63' lang='lat'>‘</span> <span class='ocrx_word' id='word_1_223' title='bbox 394 3835 541 3895; x_wconf 84' lang='lat' dir='ltr'>goreorurn</span> <span class='ocrx_word' id='word_1_224' title='bbox 584 3821 741 3911; x_wconf 74' lang='lat' dir='ltr'>disciplina,</span> <span class='ocrx_word' id='word_1_225' title='bbox 783 3844 865 3901; x_wconf 85' lang='lat' dir='ltr'><strong>quam</strong></span> <span class='ocrx_word' id='word_1_226' title='bbox 913 3822 1048 3900; x_wconf 89' lang='lat' dir='ltr'>pedocleis</span> <span class='ocrx_word' id='word_1_227' title='bbox 1087 3824 1124 3879; x_wconf 86' lang='lat' dir='ltr'>cst</span> <span class='ocrx_word' id='word_1_228' title='bbox 1162 3821 1263 3898; x_wconf 82' lang='lat' dir='ltr'>petita;</span> <span class='ocrx_word' id='word_1_229' title='bbox 1313 3840 1385 3899; x_wconf 84' lang='lat' dir='ltr'>quo.</span> 
     </span>
     <span class='ocr_line' id='line_1_31' title="bbox 395 3894 1384 3979; baseline 0 -24"><span class='ocrx_word' id='word_1_230' title='bbox 395 3894 496 3955; x_wconf 89' lang='lat' dir='ltr'>deinde</span> <span class='ocrx_word' id='word_1_231' title='bbox 526 3895 660 3956; x_wconf 86' lang='lat' dir='ltr'>Platonicr</span> <span class='ocrx_word' id='word_1_232' title='bbox 700 3918 732 3957; x_wconf 89' lang='lat' dir='ltr'>ac</span> <span class='ocrx_word' id='word_1_233' title='bbox 766 3900 865 3971; x_wconf 86' lang='lat' dir='ltr'>Stoici,</span> <span class='ocrx_word' id='word_1_234' title='bbox 915 3920 975 3956; x_wconf 86' lang='lat' dir='ltr'>rutn</span> <span class='ocrx_word' id='word_1_235' title='bbox 997 3918 1095 3979; x_wconf 80' lang='lat' dir='ltr'>magna</span> <span class='ocrx_word' id='word_1_236' title='bbox 1120 3897 1263 3956; x_wconf 76' lang='lat' dir='ltr'>autloritas</span> <span class='ocrx_word' id='word_1_237' title='bbox 1293 3918 1384 3976; x_wconf 90' lang='lat' dir='ltr'>quon·</span> 
     </span>
     <span class='ocr_line' id='line_1_32' title="bbox 395 3971 1184 4056; baseline 0.005 -28"><span class='ocrx_word' id='word_1_238' title='bbox 395 3991 559 4049; x_wconf 86' lang='lat' dir='ltr'><strong>quamquam</strong></span> <span class='ocrx_word' id='word_1_239' title='bbox 607 3974 717 4036; x_wconf 83' lang='lat' dir='ltr'>diverlis</span> <span class='ocrx_word' id='word_1_240' title='bbox 764 3977 866 4056; x_wconf 87' lang='lat' dir='ltr'>quique</span> <span class='ocrx_word' id='word_1_241' title='bbox 913 3976 976 4038; x_wconf 84' lang='lat' dir='ltr'>dam</span> <span class='ocrx_word' id='word_1_242' title='bbox 990 3971 1184 4037; x_wconf 84' lang='lat' dir='ltr'>effcdebuit.·</span> 
     </span>
     <span class='ocr_line' id='line_1_33' title="bbox 396 4047 1385 4133; baseline -0.001 -26"><span class='ocrx_word' id='word_1_243' title='bbox 396 4047 486 4114; x_wconf 86' lang='lat' dir='ltr'>modis</span> <span class='ocrx_word' id='word_1_244' title='bbox 533 4051 759 4121; x_wconf 81' lang='lat' dir='ltr'>commentantes,</span> <span class='ocrx_word' id='word_1_245' title='bbox 810 4075 867 4120; x_wconf 84' lang='lat' dir='ltr'>am·</span> <span class='ocrx_word' id='word_1_246' title='bbox 954 4072 1019 4133; x_wconf 90' lang='lat'>219.</span> <span class='ocrx_word' id='word_1_247' title='bbox 1047 4052 1091 4109; x_wconf 87' lang='lat' dir='ltr'>Ex</span> <span class='ocrx_word' id='word_1_248' title='bbox 1110 4053 1151 4111; x_wconf 82' lang='lat' dir='ltr'>his</span> <span class='ocrx_word' id='word_1_249' title='bbox 1172 4051 1266 4128; x_wconf 85' lang='lat' dir='ltr'>lignis,</span> <span class='ocrx_word' id='word_1_250' title='bbox 1286 4076 1385 4123; x_wconf 63' lang='grc' dir='ltr'>ηιμη,</span> 
     </span>
     <span class='ocr_line' id='line_1_34' title="bbox 338 4125 1386 4209; baseline 0.004 -26"><span class='ocrx_word' id='word_1_251' title='bbox 338 4132 342 4143; x_wconf 75' lang='grc'><em>’</em></span> <span class='ocrx_word' id='word_1_252' title='bbox 395 4126 471 4204; x_wconf 81' lang='lat' dir='ltr'>plexi</span> <span class='ocrx_word' id='word_1_253' title='bbox 496 4125 569 4195; x_wconf 87' lang='lat' dir='ltr'>sunt,</span> <span class='ocrx_word' id='word_1_254' title='bbox 604 4128 674 4185; x_wconf 66' lang='lat' dir='ltr'>haee&#39;</span> <span class='ocrx_word' id='word_1_255' title='bbox 695 4129 791 4206; x_wconf 87' lang='lat' dir='ltr'>perita,</span> <span class='ocrx_word' id='word_1_256' title='bbox 830 4134 866 4191; x_wconf 90' lang='lat' dir='ltr'>de</span> <span class='ocrx_word' id='word_1_257' title='bbox 913 4132 981 4207; x_wconf 65' lang='lat' dir='ltr'>glore,</span> <span class='ocrx_word' id='word_1_258' title='bbox 1005 4147 1080 4209; x_wconf 83' lang='lat' dir='ltr'>atque</span> <span class='ocrx_word' id='word_1_259' title='bbox 1103 4128 1306 4205; x_wconf 61' lang='lat' dir='ltr'>haec&#39;exempla,</span> <span class='ocrx_word' id='word_1_260' title='bbox 1338 4148 1386 4187; x_wconf 78' lang='lat' dir='ltr'>ar·</span> 
     </span>
     <span class='ocr_line' id='line_1_35' title="bbox 395 4203 1385 4287; baseline 0.002 -26"><span class='ocrx_word' id='word_1_261' title='bbox 395 4203 486 4266; x_wconf 79' lang='lat' dir='ltr'>anima</span> <span class='ocrx_word' id='word_1_262' title='bbox 519 4204 625 4271; x_wconf 89' lang='lat' dir='ltr'>mundi,</span> <span class='ocrx_word' id='word_1_263' title='bbox 665 4204 693 4269; x_wconf 82' lang='lat' dir='ltr'>h.</span> <span class='ocrx_word' id='word_1_264' title='bbox 726 4205 864 4284; x_wconf 87' lang='lat' dir='ltr'>principio</span> <span class='ocrx_word' id='word_1_265' title='bbox 911 4223 1051 4284; x_wconf 86' lang='lat' dir='ltr'>gumenta,</span> <span class='ocrx_word' id='word_1_266' title='bbox 1087 4212 1196 4287; x_wconf 82' lang='lat' dir='ltr'>sequuti.</span> <span class='ocrx_word' id='word_1_267' title='bbox 1261 4204 1385 4266; x_wconf 79' lang='lat' dir='ltr'>Ornavit</span> 
     </span>
     <span class='ocr_line' id='line_1_36' title="bbox 307 4281 1384 4373; baseline 0.006 -35"><span class='ocrx_word' id='word_1_268' title='bbox 307 4285 311 4291; x_wconf 89' lang='lat'>&#39;</span> <span class='ocrx_word' id='word_1_269' title='bbox 395 4295 503 4357; x_wconf 74' lang='lat' dir='ltr'>agente,</span> <span class='ocrx_word' id='word_1_270' title='bbox 535 4302 587 4371; x_wconf 75' lang='lat' dir='ltr'>per</span> <span class='ocrx_word' id='word_1_271' title='bbox 606 4301 715 4341; x_wconf 87' lang='lat' dir='ltr'>omnem</span> <span class='ocrx_word' id='word_1_272' title='bbox 732 4297 864 4346; x_wconf 51' lang='lat' dir='ltr'>¹naturam</span> <span class='ocrx_word' id='word_1_273' title='bbox 911 4290 991 4361; x_wconf 72' lang='lat' dir='ltr'>poeta</span> <span class='ocrx_word' id='word_1_274' title='bbox 1023 4285 1135 4373; x_wconf 78' lang='lat' dir='ltr'>vulgate</span> <span class='ocrx_word' id='word_1_275' title='bbox 1158 4284 1295 4373; x_wconf 67' lang='lat' dir='ltr'>nostrum</span> <span class='ocrx_word' id='word_1_276' title='bbox 1327 4281 1384 4345; x_wconf 77' lang='lat' dir='ltr'>Hit</span> 
     </span>
    </p>
   </div>
   <div class='ocr_carea' id='block_1_7' title="bbox 230 4356 1401 4438">
    <p class='ocr_par' dir='ltr' id='par_1_7' title="bbox 230 4356 1401 4438">
     <span class='ocr_line' id='line_1_37' title="bbox 230 4356 1401 4438; baseline -0.003 -18"><span class='ocrx_word' id='word_1_277' title='bbox 230 4369 238 4378; x_wconf 75' lang='grc'><strong>“</strong></span> <span class='ocrx_word' id='word_1_278' title='bbox 281 4391 285 4399; x_wconf 45' lang='lat' dir='ltr'><em>f</em></span> <span class='ocrx_word' id='word_1_279' title='bbox 395 4356 467 4424; x_wconf 75' lang='lat' dir='ltr'>fusa,</span> <span class='ocrx_word' id='word_1_280' title='bbox 513 4380 635 4418; x_wconf 74' lang='lat' dir='ltr'>omnium</span> <span class='ocrx_word' id='word_1_281' title='bbox 686 4359 864 4419; x_wconf 86' lang='lat' dir='ltr'>animantium</span> <span class='ocrx_word' id='word_1_282' title='bbox 912 4380 994 4437; x_wconf 84' lang='lat' dir='ltr'>apum</span> <span class='ocrx_word' id='word_1_283' title='bbox 1018 4362 1096 4420; x_wconf 71' lang='lat' dir='ltr'>lastis</span> <span class='ocrx_word' id='word_1_284' title='bbox 1127 4359 1240 4438; x_wconf 81' lang='lat' dir='ltr'>quidam</span> <span class='ocrx_word' id='word_1_285' title='bbox 1269 4358 1401 4418; x_wconf 34' lang='lat' dir='ltr'>adductiv</span> 
     </span>
    </p>
   </div>
   <div class='ocr_carea' id='block_1_8' title="bbox 396 4434 1383 4583">
    <p class='ocr_par' dir='ltr' id='par_1_8' title="bbox 396 4434 1383 4583">
     <span class='ocr_line' id='line_1_38' title="bbox 396 4434 1383 4525; baseline -0.001 -30"><span class='ocrx_word' id='word_1_286' title='bbox 396 4434 499 4500; x_wconf 67' lang='lat' dir='ltr'>atinias</span> <span class='ocrx_word' id='word_1_287' title='bbox 518 4435 745 4513; x_wconf 77' lang='lat' dir='ltr'>subministrante,</span> <span class='ocrx_word' id='word_1_288' title='bbox 763 4450 791 4496; x_wconf 93' lang='lat' dir='ltr'>et</span> <span class='ocrx_word' id='word_1_289' title='bbox 809 4437 865 4503; x_wconf 79' lang='lat' dir='ltr'>cas·</span> <span class='ocrx_word' id='word_1_290' title='bbox 913 4437 985 4511; x_wconf 75' lang='lat' dir='ltr'>suut,</span> <span class='ocrx_word' id='word_1_291' title='bbox 1029 4452 1060 4505; x_wconf 86' lang='lat' dir='ltr'>ut</span> <span class='ocrx_word' id='word_1_292' title='bbox 1101 4440 1284 4525; x_wconf 78' lang='lat' dir='ltr'>opinarentur.</span> <span class='ocrx_word' id='word_1_293' title='bbox 1326 4450 1383 4503; x_wconf 80' lang='lat' dir='ltr'>etc.</span> 
     </span>
     <span class='ocr_line' id='line_1_39' title="bbox 1310 4534 1377 4583; baseline -0.045 -1"><span class='ocrx_word' id='word_1_294' title='bbox 1310 4534 1377 4583; x_wconf 63' lang='lat'>²2²0</span> 
     </span>
    </p>
   </div>
   <div class='ocr_carea' id='block_1_9' title="bbox 0 0 1792 5509">
    <p class='ocr_par' dir='ltr' id='par_1_9' title="bbox 0 0 1792 5509">
     <span class='ocr_line' id='line_1_40' title="bbox 0 0 1792 5509; baseline 0 2"><span class='ocrx_word' id='word_1_295' title='bbox 0 0 1792 5509; x_wconf 95' lang='lat' dir='ltr'> </span> 
     </span>
    </p>
   </div>
  </div>
 </body>
</html>
