3575 5509
542 607 624 728 uh
657 645 931 725 cantune
964 647 1277 725 uucottco.
1366 675 1409 753 η

427 870 647 948 quamquam
670 873 715 922 ne
746 846 773 921 ii
798 846 948 943 quldem
973 845 1051 943 ipfi,
1075 848 1139 944 qui
1170 848 1410 925 Theocritum

428 970 532 1069 hujus
547 971 716 1044 carminis
733 990 858 1042 verum
879 969 1091 1067 magistrum
1107 970 1175 1043 effe
1199 957 1410 1073 largiuntur,

421 1093 553 1195 judicii
571 1096 805 1169 subtilitatem
830 1112 867 1166 et
893 1117 1045 1166 acumen
1071 1094 1210 1194 semper
1225 1099 1305 1173 satis
1322 1128 1409 1201 pro.

360 1261 363 1265 ,
427 1216 526 1307 bent,
549 1218 610 1290 sed
625 1218 698 1290 fere
715 1217 863 1289 minutis
879 1214 998 1321 nescio
1014 1216 1143 1313 quibus
1169 1240 1205 1294 et
1225 1213 1410 1322 gramma-

428 1341 510 1416 ticis
535 1364 614 1415 rem
636 1340 831 1414 rationibus
857 1338 1037 1413 decidant.
1089 1342 1223 1437 Virgilio
1246 1348 1412 1456 elegantia¹

426 1464 564 1552 laudem,
588 1466 756 1559 dignitatis
768 1477 800 1535 et
822 1464 974 1536 dodrinae
994 1487 1102 1536 nemo
1125 1464 1323 1556 invidebit;
1349 1471 1410 1546 sed

396 1609 402 1631 ·
416 1587 631 1682 stmplicitate
645 1601 678 1660 et
692 1588 836 1660 naturali
847 1588 957 1684 aliqua
972 1585 1307 1689 venustatereiumque
1322 1599 1413 1692 copia

428 1736 470 1783 ac
484 1712 645 1804 varietate
658 1736 716 1783 non
731 1716 834 1785 mt'nus
858 1715 942 1785 cedit
967 1711 1144 1801 Theocrito,
1167 1739 1261 1809 quam
1276 1740 1333 1788 ars
1348 1744 1411 1791 na.

428 1851 524 1924 tura,
545 1860 655 1934 quam
682 1838 824 1911 vincere
850 1819 1000 1935 quidem
1027 1826 1088 1909 illa
1110 1838 1256 1933 operose
1281 1841 1318 1913 in
1341 1827 1416 1915 ῆι]-Ι

427 1957 544 2055 gulari
559 1960 679 2057 aliqua
694 1984 732 2032 re
751 1960 878 2056 potest,
902 1958 962 2031 sed
984 1960 1022 2030 in
1042 1956 1182 2031 summa
1197 1961 1247 2032 rei
1268 1964 1359 2037 iners
1375 1984 1411 2038 et
1464 2028 1467 2034 .

430 2106 522 2154 vana
536 2082 700 2155 habenda
722 2083 784 2154 est.
825 2081 974 2169 Verum,
992 2079 1128 2178 etiamfi
1145 2065 1209 2178 par
1230 2084 1304 2156 laus
1320 2089 1413 2161 utri-

430 2232 503 2305 que
529 2209 636 2280 iniis
664 2207 748 2304 ipsrs
771 2208 886 2302 rebus,
911 2231 993 2303 quae
1020 2206 1191 2278 maximae
1207 2204 1296 2294 lunt,
1320 2208 1414 2299 esset,

431 2309 646 2407 Theocritus
663 2349 783 2404 tamen
800 2330 838 2403 in
861 2355 905 2404 eo
928 2331 1064 2429 primas
1091 2348 1220 2418 tuetur,
1245 2332 1342 2427 quod
1370 2357 1411 2407 ea
1511 2390 1517 2401 .

429 2457 579 2545 invenit,
603 2457 640 2529 in
668 2457 797 2555 quibus
824 2457 1054 2531 retractandis
1070 2456 1158 2529 alter
1182 2474 1218 2528 et
1233 2457 1412 2554 poliendis

429 2581 466 2656 se
490 2580 690 2663 continuit;
714 2581 813 2678 quod
836 2564 1001 2679 quamvis
1036 2604 1170 2680 magno
1198 2583 1412 2682 plerumque

429 2708 575 2809 ingenio
591 2705 725 2781 sactum
737 2730 844 2779 nemo
860 2726 978 2806 neget,
997 2708 1181 2788 interdum
1196 2725 1317 2781 tamen
1334 2728 1411 2782 tam
1519 2802 1522 2809 ι

342 2919 344 2923 ¹
430 2829 583 2908 sollicite
609 2828 798 2902 Theocriti
820 2829 967 2927 vestigia
990 2830 1135 2926 premit,
1158 2847 1199 2902 ut
1229 2829 1413 2931 sublegere

430 2956 550 3052 potius
562 2955 616 3027 illi
631 2953 702 3043 sua,
714 2973 749 3027 et
760 2952 876 3027 versus
886 2954 1045 3050 undique
1060 2955 1275 3051 conquifitos
1286 2957 1415 3034 Latine

430 3099 647 3167 convertere,
671 3103 781 3176 quarn
807 3077 869 3152 suo
893 3078 1038 3175 ingenio
1054 3078 1106 3151 uti
1123 3075 1301 3150 videatur„
1345 3079 1416 3151 Sed

431 3204 478 3278 de
503 3206 558 3282 his
583 3193 635 3277 ita
660 3202 819 3300 quisque,
843 3203 898 3275 uti
922 3201 1068 3276 libitum
1095 3200 1156 3286 est,
1180 3199 1318 3275 sentiat.
1376 3205 1415 3278 si

432 3346 553 3401 tamen
579 3327 698 3423 aliqua
718 3324 861 3421 Virgilii
892 3305 934 3396 ei
962 3326 1000 3397 in
1025 3348 1063 3397 re
1095 3324 1201 3421 culpa
1232 3325 1292 3414 est,
1316 3327 1415 3425 quod

433 3452 662 3527 Theocriteas
694 3449 839 3534 lacinias
870 3445 1138 3536 consarcinavit,
1158 3448 1254 3522 *satis
1286 3476 1431 3549 graves„

430 3599 559 3677 poenas
586 3573 697 3660 dedit,
721 3596 806 3645 cum
832 3570 912 3669 post
941 3596 1025 3643 eum
1053 3570 1115 3645 vix
1141 3571 1329 3670 quisquam
1352 3592 1414 3649 aut

431 3697 670 3772 recentiorum
685 3695 866 3798 bucolicus
882 3691 999 3765 versus
1025 3687 1237 3782 condidelit,
1260 3698 1346 3792 quin
1370 3690 1419 3773 errv

432 3821 589 3921 Virgilio
625 3795 756 3893 novarii
784 3816 1012 3914 rhapsodiam
1049 3816 1300 3890 bucolicorum
1332 3844 1414 3893 ver-

430 3949 534 4022 suum
555 3963 592 4018 et
612 3942 863 4016 sententiarum
891 3940 1089 4013 adornaret.
1140 3939 1307 4013 Facilitas
1333 3943 1414 4018 haec

432 4071 471 4143 in
487 4068 666 4142 nonnullis
688 4067 772 4139 vitae
792 4065 931 4139 rusticae
954 4064 1094 4137 tabellis
1120 4081 1312 4163 tamquam
1330 4094 1421 4140 mu-·

433 4192 508 4266 fivo
534 4216 641 4288 opere
668 4189 961 4288 coagmentandis
1000 4186 1169 4261 inducere
1199 4190 1413 4287 plerumque

433 4317 522 4393 solet
552 4316 710 4408 nascentes
737 4299 872 4412 po'e'tas,
902 4331 943 4410 ut
977 4312 1015 4383 in
1050 4310 1184 4408 idylliis
1217 4308 1413 4384 condendis

483 4444 585 4518 Tou.
605 4465 632 4515 1.
662 4445 667 4450 ’
973 4438 1004 4511 Β
1277 4432 1415 4533 ingenii
