3575 5509
479 694 1172 847 ·2PR10R18Eb1r10N1S.
1243 653 1247 663 ’
1291 747 1348 806 111

358 913 519 1029 possint,
540 912 607 995 sed
626 932 717 1026 quae
738 936 937 1027 exponere
954 871 1170 1007 admodum
1188 927 1350 1014 difficile

357 1053 419 1147 fit,
447 1052 543 1135 dum
566 1055 609 1134 in
627 1055 676 1134 iis
695 1055 906 1136 commode
924 1061 1165 1168 explicandis
1182 1084 1221 1146 et
1238 1068 1350 1151 illus.

355 1192 504 1277 trandis
527 1188 681 1274 defixus
699 1194 854 1275 animus
872 1195 942 1291 est,
964 1188 1048 1280 fieri
1065 1197 1173 1293 solet,
1200 1224 1244 1285 ut
1260 1205 1348 1288 sen·

356 1332 432 1417 fim
449 1333 671 1447 sensimque
683 1336 732 1418 ad
745 1340 837 1455 alias
852 1364 984 1422 rerum
1001 1343 1178 1425 notiones
1191 1364 1230 1426 et
1245 1348 1346 1431 ima-

352 1475 471 1584 gines
498 1474 698 1572 delabaris,
733 1497 772 1558 et
798 1477 958 1559 tandem
986 1468 1288 1590 explicationem
1306 1506 1346 1568 et
1375 1524 1380 1538 ·

352 1613 715 1723 interpretationem
734 1614 963 1728 subjungas,
994 1646 1130 1730 quam,
1161 1623 1189 1703 fi
1208 1627 1250 1705 in
1267 1627 1346 1707 alio

352 1739 671 1860 deprehenderis,
702 1754 906 1864 quomodo
924 1758 960 1835 ei
978 1756 1018 1836 in
1037 1776 1210 1840 mentem
1222 1769 1346 1845 'vene-

352 1888 421 1985 rit,
441 1884 584 2002 assequi
606 1892 676 1973 vix
694 1892 825 2000 polfis.
885 1897 987 2000 Qae
1005 1901 1140 1976 omnia
1155 1925 1236 1980 non
1253 1930 1345 1984 mo-

350 2026 405 2109 do
424 2026 594 2108 nostram
614 2027 679 2109 sed
698 2056 957 2113 communem
973 2035 1229 2145 interpretum
1247 2068 1343 2121 con-

260 2180 263 2188 ’
354 2148 550 2242 ditionem
566 2164 683 2245 nimis
704 2166 844 2246 duram
856 2175 893 2246 dt
907 2170 1083 2279 iniquam
1096 2170 1170 2251 elie
1185 2173 1378 2270 docent,
1501 2273 1503 2276 v

353 2322 476 2410 quam
495 2318 538 2401 ut
556 2296 600 2380 in
619 2329 666 2380 eo
683 2296 825 2412 genere
844 2302 1031 2413 persediae
1048 2307 1198 2416 aliquid
1215 2284 1254 2388 et
1270 2309 1340 2390 ab·

347 2432 488 2519 solutes·
502 2462 632 2549 operae
645 2442 848 2555 'expectari
865 2442 995 2554 possit.
1220 2462 1223 2466 ’

407 2571 520 2657 Mihi
539 2603 633 2658 vero
657 2576 699 2659 in
719 2557 888 2689 Virgilio
917 2582 1114 2692 perpetuis
1133 2609 1340 2667 commen·

351 2709 461 2801 tariis
475 2712 715 2815 illustrando,
732 2727 826 2799 narn
839 2720 1029 2801 variantes
1044 2721 1229 2806 lectiones
1242 2752 1339 2808 con-

345 2874 493 2964 gerere,
510 2865 576 2928 aut
593 2845 746 2932 notulas
764 2827 903 2962 passim
921 2853 1161 2964 adspergere,
1183 2878 1249 2939 aut
1265 2885 1338 2940 ex-

341 2992 497 3100 cerptas
517 2986 798 3077 observationes
827 3015 878 3070 ex
907 2986 1056 3070 schedis
1087 2992 1270 3101 colligere
1297 3015 1336 3075 et

344 3128 594 3212 transcribere
609 3157 689 3211 non
707 3146 861 3213 tantum
877 3124 1117 3207 difficultatis
1133 3125 1337 3225 habuisset,

344 3247 470 3350 sedin
486 3270 661 3381 Virgilio·
690 3267 888 3378 perpetuis
914 3266 1208 3347 commentariis
1226 3267 1337 3348 illus·

338 3409 485 3501 ‚trando
503 3431 543 3490 et
561 3411 729 3520 majores
750 3427 788 3489 et
807 3408 935 3517 plures
963 3405 1150 3486 molestiae
1172 3404 1335 3515 objicie-

343 3548 487 3655 bantur
519 3572 569 3631 e'x
602 3537 847 3659 superiorum
874 3549 1135 3655 interpretum
1158 3547 1270 3653 copia
1295 3564 1335 3625 et

277 3773 288 3788 ,
343 3690 564 3770 multorum
583 3682 743 3796 operosa
763 3683 1111 3766 commentatione.
1157 3680 1266 3759 Nam
1291 3682 1333 3760 in

342 3833 460 3937 posta
473 3823 663 3917 versabar,
682 3852 706 3903 a
724 3841 782 3901 tot
801 3818 1078 3929 interpretibus
1093 3832 1252 3909 tentato,
1272 3833 1333 3910 ut,

341 3959 371 4043 fi
388 3958 659 4073 unusquisque
677 3980 726 4041 ex
742 3960 790 4040 iis
804 3959 866 4040 vel
881 3984 1009 4037 unum
1028 3974 1181 4034 tantum
1197 3953 1334 4033 locum

340 4096 431 4193 satis
448 4093 678 4194 illustrasset,
698 4094 797 4188 nihil
817 4098 859 4178 in
878 4115 962 4176 toto
974 4094 1144 4203 Virgilio
1157 4089 1333 4172 obscuri-

339 4238 431 4319 tatis
460 4218 643 4318 residium
663 4231 752 4333 eile,
785 4235 840 4316 fin
857 4262 983 4316 unum
1013 4231 1147 4312 saltem
1165 4227 1333 4339 quilibet

338 4366 475 4454 locum
495 4366 741 4468 obscurasset,
772 4374 814 4454 in
833 4391 918 4453 toto
936 4369 1052 4451 nobis
1067 4367 1235 4475 Virgilio
1253 4392 1332 4443 cae·

292 4532 296 4537 “
338 4506 657 4593 cutiendurneffe
673 4512 798 4594 uideri
817 4510 989 4591 deberet.
1035 4508 1147 4610 Qos
1168 4499 1332 4611 quidem

838 4673 861 4725 a
889 4669 914 4729 2
1193 4658 1331 4720 ornnes
