3575 5509
555 728 809 814 PRIORIS
839 720 1188 819 EDITIONIS.
1336 756 1365 811 v

379 944 456 1027 five
470 971 587 1055 prave
599 942 673 1024 five
686 941 805 1023 modo
815 941 936 1022 nimis
951 949 1075 1033 acute,
1090 942 1211 1021 modo
1224 970 1364 1050 parum

380 1059 585 1176 subtiliter,
615 1081 746 1171 diffls,
782 1099 846 1158 aut
878 1106 928 1158 ex
960 1080 1024 1170 iis,
1064 1108 1153 1188 quae
1188 1100 1367 1189 ἁνιςοςήτως

380 1238 446 1298 aut
471 1233 611 1322 ἁμέσως,
641 1216 761 1298 modo
785 1218 932 1297 critices
961 1217 1082 1297 modo
1110 1215 1284 1325 po‘e'tices
1303 1224 1384 1295 re·'

378 1355 483 1465 gulis
496 1384 546 1435 ac
564 1353 713 1465 legibus
732 1356 936 1449 contraria,
955 1355 1189 1449 exciderant,
1208 1356 1363 1435 elevan-

379 1460 441 1570 dis
475 1467 677 1600 indignam
706 1473 992 1603 etssighobilem
1019 1479 1186 1600 gloriam
1213 1510 1364 1600 captare
1452 1535 1455 1542 ·

378 1615 604 1710 voluiistm.'
669 1607 1019 1736 QemadmOdum
1053 1647 1196 1718 tamen,
1232 1630 1364 1709 minus

312 1748 315 1754 Ι
380 1778 485 1856 κᾶε
503 1778 652 1889 aliquid
678 1778 832 1859 dicium
857 1776 932 1857 esse
959 1775 1072 1857 facile
1096 1777 1291 1857 interdum
1309 1776 1366 1857 est

379 1915 710 2009 animadvertere,·
741 1946 820 2027 qua
849 1893 1040 2008 tamenin
1062 1947 1100 1996 re
1119 1891 1256 2000 erroris
1275 1945 1365 1997 mo-

380 2070 562 2131 mentum
579 2054 694 2131 lateat
720 2054 848 2134 dicere
876 2055 1035 2135 difficile
1061 2055 1131 2147 est,
1161 2055 1366 2162 multoque

382 2184 599 2273 difficilius,
628 2183 705 2262 fine
726 2184 844 2294 longa
863 2176 1120 2293 disputatione
1140 2186 1276 2263 erroris
1295 2185 1367 2263 ob·

374 2316 502 2426 jectis
518 2316 676 2397 nebulas
691 2315 755 2395 drs
746 2318 912 2425 pellere
943 2318 1123 2426 inprimis
1138 2345 1230 2397 cum
1240 2318 1366 2397 alieno

321 2517 324 2526 .
380 2451 488 2562 saepe
514 2473 638 2533 errore
667 2452 901 2533 obtundatur
928 2454 1051 2533 animi
1074 2452 1284 2560 judicium,
1310 2455 1366 2547 ita

320 2573 324 2581 ’
381 2613 424 2672 ut
457 2593 621 2701 laqueis,
659 2590 800 2701 quibus
833 2588 1015 2699 expedire
1042 2591 1225 2670 volumus
1254 2591 1365 2684 alios·,

382 2728 454 2838 ipfi
472 2731 614 2810 incauti
632 2731 885 2821 irretiamurz,
900 2732 955 2810 ita
979 2730 1151 2808 multum
1169 2728 1366 2808 interdum

383 2865 573 2947 consumfi
591 2897 733 2979 operae,
761 2889 804 2948 ut
822 2899 902 2949 uuo
920 2870 1039 2948 verbo
1057 2868 1193 2950 erroris
1213 2852 1367 2947 fontem

286 3051 290 3059 ·
379 2988 421 3082 ⁴et
439 2979 873 3099 canuanideclararem,
902 3002 970 3083 'aut
998 3024 1042 3083 ut
1070 3004 1166 3083 illud
1193 3030 1367 3110 appone-

382 3168 482 3233 rem,
514 3121 594 3251 quo
620 3140 734 3221 fimili
758 3142 924 3222 aliorum
943 3139 1062 3221 errori
1080 3158 1365 3217 occurreretur.

382 3302 474 3355 cum
507 3277 626 3357 modo
647 3276 760 3357 usum
787 3262 975 3391 loquendi
1005 3274 1222 3404 poeticum,-
1248 3274 1369 3354 modo
1414 3259 1416 3264 ¹

382 3434 585 3523 poeticum
595 3415 754 3527 aquuod
766 3415 1007 3526 phantasma,
1017 3396 1137 3494 modo
1151 3412 1368 3523 mythicam

351 3645 357 3670 Ι
383 3568 579 3632 rationem
609 3578 747 3658 parum
777 3536 880 3631 recte
906 3551 1029 3630 'teneri
1047 3536 1235 3627 viderem.
1294 3546 1368 3627 Sed

380 3713 521 3765 monur
511 3684 617 3766 fere
639 3674 757 3766 verbo
774 3705 954 3778 tantum3
984 3697 1044 3793 qu
1036 3681 1204 3763 usmodi
1221 3681 1247 3760 fi
1266 3712 1367 3763 non·

374 3827 489 3906 nulla
507 3824 609 3907 forte
629 3824 845 3921 occurrent,
866 3857 970 3936 quae,
988 3847 1056 3906 cur
1074 3854 1096 3903 a
1115 3854 1179 3903 me
1197 3822 1371 3932 apposrta
1501 3906 1504 3917 .

384 3962 473 4058 fint‚
496 3965 564 4045 vix
593 3954 736 4074 assequi
754 3966 880 4073 ·poffit
905 3968 1029 4045 lector
1049 3964 1181 4073 paullo
1197 3963 1365 4042 acutior:

381 4096 559 4206 respectu
590 4100 637 4180 ad
666 4102 900 4184 nobiliorem
926 4104 1098 4212 aliquem
1126 4086 1370 4181 commenta-

384 4254 523 4327 torem,
554 4239 775 4345 quamvisa
793 4269 856 4319 me
875 4269 955 4321 non
972 4241 1234 4326 nominatum,
1257 4231 1371 4312 habi-

292 4395 296 4402 ’
381 4400 440 4473 to,
471 4380 620 4489 adjeCia
649 4412 692 4462 ea
718 4384 790 4467 effe
819 4386 1056 4475 meminerit,
1085 4402 1144 4476 ut,
1173 4407 1263 4460 cum
1294 4378 1369 4456 viri

372 4513 501 4594 etiam
528 4514 637 4596 docti
665 4519 706 4599 in
739 4548 831 4604 eum
863 4548 1033 4602 errorem
1060 4515 1177 4598 esseut
1203 4510 1367 4615 abrepti.

1139 4639 1370 4737 adolescens,
1384 4717 1404 4762 Ι,
