3575 5509
434 633 560 773 tusrn
582 690 626 775 Ρ.
654 687 873 767 vtuoruu
901 685 1152 776 Minonis,
1206 708 1339 761 carn..

339 892 464 961 ruditum
487 890 607 951 dimisit:
631 888 819 950 Alexandrum
854 886 1076 965 grammaticumg
1097 885 1229 944 Cebetem
1260 902 1327 942 vero
1404 864 1405 870 Ι
1496 918 1499 928 ·

336 985 495 1061 etpo'e'tam.
535 980 689 1058 Vulgatum
710 978 758 1043 est,
778 976 943 1034 consuevisse
968 996 1030 1032 eum
1054 995 1118 1032 cum
1139 973 1229 1032 Plotia
1255 973 1380 1029 Hie-21

338 1073 390 1132 ria.
443 1072 497 1129 Sed
524 1068 660 1125 Asconius
693 1066 828 1122 Pedianus
861 1064 987 1131 affirmat,
1024 1063 1110 1141 ipsam
1129 1064 1216 1140 postea
1242 1064 1328 1139 majo·

339 1180 395 1218 rem
405 1176 472 1218 natu
486 1177 595 1216 narrare
611 1156 733 1223 solitam,
753 1144 901 1214 invitatum
919 1151 1031 1230 quidem
1054 1173 1070 1209 a
1093 1152 1181 1217 Vario
1198 1154 1233 1210 ad
1254 1173 1329 1210 com-

340 1250 501 1314 munionem
532 1245 586 1314 sui,
619 1259 727 1303 verum·
740 1242 943 1322 pertinaciffine
969 1241 1118 1299 recusasse„
1157 1241 1264 1299 Catera
1286 1241 1327 1298 sa·
1349 1257 1386 1305 τι

337 1357 377 1397 ne
396 1342 455 1396 vita
474 1350 503 1394 et
529 1354 577 1392 ore
598 1347 626 1390 et
648 1331 741 1390 animo
763 1347 819 1389 tam
833 1331 950 1409 probum
970 1330 1048 1387 fuisse
1066 1330 1181 1398 constat,
1201 1344 1231 1387 ut
1256 1329 1331 1387 Nes-

337 1427 398 1506 poli
426 1423 599 1484 Partheniae
618 1422 702 1498 vulgo
734 1422 931 1497 appellaretur3
964 1439 1008 1487 ae,
1033 1418 1053 1476 st
1077 1418 1189 1495 quando
1225 1417 1331 1482 Roma.

333 1533 395 1594 'quo
426 1510 557 1571 rarissime
595 1509 776 1576 commeabat,
808 1509 939 1579 viseretur
972 1508 1003 1565 in
1042 1506 1167 1586 publico,
1205 1507 1333 1565 sedantes
1385 1552 1393 1561 .

342 1597 608 1678 demonstrantesque
620 1598 646 1654 se
659 1597 844 1675 subterfugere
863 1597 974 1655 solitum
990 1596 1019 1653 in
1041 1595 1198 1673 proximum
1212 1596 1330 1655 tedium.
1352 1625 1388 1683 23

339 1691 421 1749 Bona
441 1702 530 1745 aurem
552 1686 694 1765 eujusdam
717 1685 864 1749 exsulantis
882 1686 1010 1745 offerente
1023 1684 1161 1761 Au'guslo,
1181 1703 1236 1742 nou
1257 1684 1333 1743 susti·
1363 1724 1368 1727 -

345 1777 411 1837 nuit
424 1775 555 1852 accipere.

380 1864 435 1924 VI.
471 1862 587 1921 Possedit
612 1882 697 1943 prope
730 1860 833 1923 centies
867 1858 1026 1930 sestertium,
1057 1879 1093 1917 ex
1123 1860 1333 1925 liberalitatibus
1353 1885 1392 1944 ²4

339 2036 421 2094 ludicro
434 2036 534 2095 laudans,
550 2050 570 2084 et
588 2036 689 2103 abstinens
701 2038 811 2092 nominum,

332 2099 378 2167 sess
400 2103 484 2166 quidem
504 2102 635 2166 Corydonem,
649 2113 740 2164 puemm
761 2118 814 2147 vero

339 2166 433 2224 Alexin,
454 2179 527 2213 vocat.
579 2167 606 2210 ln
635 2164 756 2211 Servianis
783 2163 813 2211 ad

340 2230 428 2293 Eclog.
448 2232 479 2287 ll,
496 2242 508 2275 1
530 2229 560 2276 ab
579 2228 633 2281 aliis
644 2228 744 2277 Caesaris
754 2242 814 2292 puer

339 2293 413 2343 luisse
427 2293 509 2341 Alexis
521 2293 631 2341 traditur.
645 2316 646 2319 ¹
664 2296 700 2341 At
716 2294 745 2339 ad
756 2306 813 2340 ean-

340 2360 401 2407 dem
423 2358 539 2422 Eclogam
563 2375 588 2408 u.
610 2371 649 2418 15,
672 2359 702 2405 ad
724 2358 813 2405 Donati

340 2424 393 2471 sere
414 2423 496 2481 fidem,
513 2424 566 2473 Tres
581 2424 660 2471 dicitur
674 2425 749 2491 amaffl
760 2426 813 2474 Vir-

356 2489 414 2548 ¹ilius,
430 2490 588 2545 Alexandrum,
606 2506 667 2553 quem
683 2489 772 2536 donavit
794 2492 813 2542 ei

339 2508 419 2612 Pollio,
434 2569 454 2602 et
472 2555 562 2609 Cebetem
577 2566 676 2625 puerum,
689 2572 734 2601 cum
745 2557 812 2603 Leria

338 2619 415 2685 puella
427 2619 523 2681 (Aleria
534 2618 632 2684 Plotia),
643 2636 691 2689 quos
702 2636 716 2665 a
727 2619 812 2674 Mace·

341 2687 393 2731 'nate
412 2684 490 2731 dicitur
499 2684 600 2750 accepsse.
633 2682 758 2746 singulare
770 2683 812 2743 est,

343 2747 411 2813 quod
433 2748 459 2794 iu
479 2748 596 2796 Servianis
612 2747 641 2795 ad
664 2746 714 2794 Ecl.
730 2749 763 2805 V,
780 2748 811 2811 89

343 2810 445 2875 legitur,
460 2812 611 2860 adversum:
630 2815 685 2860 Non
699 2813 749 2860 tulit
763 2814 814 2862 An·

343 2880 440 2941 tigenest
457 2879 507 2936 Aut
522 2878 622 2949 pastorem
640 2878 744 2942 quendam
754 2878 814 2948 'pul-

343 2943 539 2999 charimundus,
555 2956 594 2990 aut
604 2943 725 2990 choraulam
729 2944 815 3007 fignifi-

345 3020 389 3064 (all
405 3026 465 3072 quem
477 3009 563 3073 legimus
574 3007 683 3065 admodum
694 3024 709 3058 a
726 3008 816 3082 Virgilio

306 3236 309 3241 a
346 3201 388 3249 bia
399 3201 505 3249 occinere
518 3202 617 3259 solitus;
634 3202 722 3264 dequo
737 3200 816 3247 homi·

346 3281 408 3323 uum
427 3282 515 3330 genere
543 3284 567 3314 v.
590 3266 676 3330 Scalig‚
702 3265 818 3319 Animad-

347 3331 409 3378 vers.
424 3332 455 3378 ad
467 3332 551 3379 Euseb.
561 3348 585 3395 p.
599 3330 654 3394 169·
670 3345 722 3391 170,
766 3332 818 3377 No·

346 3411 408 3449 vum
430 3396 472 3454 est,
488 3397 553 3459 quod
577 3398 693 3458 Pompon.
717 3394 770 3451 sab.
789 3395 818 3444 ad

348 3462 410 3511 AEu.
422 3462 457 3507 Vl
469 3461 510 3507 sub
523 3461 539 3507 f.
551 3462 580 3509 de
593 3464 629 3507 M.
644 3460 762 3507 Marcello
776 3460 819 3507 ha-

348 3526 408 3574 bet:
428 3533 444 3555 “
456 3524 495 3572 hic
507 3526 548 3581 est,
565 3542 639 3589 quem
656 3525 723 3580 astant
735 3526 819 3589 Virgi-

348 3597 364 3624 “
382 3589 445 3638 lium
463 3589 648 3652 intemperantia
675 3591 764 3637 amoris
780 3607 820 3637 ex·

350 3662 367 3694 tt
385 3653 518 3702 osculatum
540 3654 616 3713 fuisse,
632 3654 748 3719 praesente
766 3657 818 3702 Au·

347 3724 368 3760 Η
384 3718 481 3783 gusto‚'¹

383 3802 422 3832 non
434 3786 558 3833 ineruditum
569 3785 652 3847 dimisit.
680 3784 736 3829 Hoc
746 3785 822 3849 dimfit

350 3849 486 3897 tollendum
498 3850 575 3897 censet
587 3854 696 3896 Gronov.

385 3914 407 3976 Ι.
426 3928 468 3961 21.
492 3915 564 3970 Plotia
583 3917 668 3970 Hieria.
702 3912 732 3960 al.
752 3914 825 3961 Plotia

352 3980 439 4040 Aleria.
492 3980 547 4026 Alia
570 3982 676 4027 narratio
704 3978 737 4025 est
761 3978 825 4041 apud

353 4045 421 4090 Serv.
446 4045 476 4091 ad
498 4044 549 4091 Ecl.
567 4046 609 4101 ΙΙΙ,
627 4057 658 4091 20
681 4046 764 4101 Varus,
781 4058 828 4093 rra·

349 4108 580 4186 paediarumseriptor‚
596 4110 672 4164 habuit
689 4127 773 4157 uxorem
791 4110 829 4159 lit·

353 4174 504 4239 teratffmam¹
520 4178 565 4229 eum
581 4194 625 4241 qua
642 4176 748 4242 Virgilius
764 4176 830 4224 adul-

353 4242 431 4287 terium
459 4240 527 4289 olebat
548 4244 670 4294 committere
677 4263 696 4293 ‚··
710 4243 744 4289 cui
768 4245 830 4290 etiam

354 4304 415 4357 dedit
430 4238 536 4369 driptam
558 4307 695 4371 tragaediam,
713 4324 777 4371 quam
793 4306 832 4353 illa

354 4372 431 4418 marito
460 4370 518 4416 dedit
535 4382 641 4436 tamquam
660 4388 674 4417 a
699 4388 709 4417 e
723 4368 831 4437 sapsam.

354 4434 420 4493 Haut
432 4436 536 4481 recitavit
553 4447 594 4499 pro
607 4434 650 4501 sua
691 4452 751 4491 arus,
769 4451 834 4501 quam

353 4515 399 4560 (rm
421 4500 527 4565 Virgilius
548 4499 599 4546 dicit
615 4512 655 4563 per
671 4499 795 4564 allegoriam
810 4515 835 4547 v.

867 2036 897 2083 de
916 2034 1022 2098 Thyeste
1036 2037 1069 2084 L.
1085 2035 1154 2087 Varii
1168 2035 1288 2098 loquitur;
1304 2036 1336 2089 dt

869 2116 916 2163 qua
927 2100 1007 2147 sabula
1016 2116 1041 2148 v.
1053 2101 1084 2147 ad
1095 2100 1115 2161 i.
1129 2115 1169 2161 30,

901 2164 1001 2232 Ap‘comm
1017 2166 1134 2222 Pedianus,
1150 2165 1213 2213 sorte
1235 2163 1260 2211 in
1275 2162 1337 2212 labro

869 2244 941 2341 genita
947 2230 1090 2283 obtreRatores
1102 2233 1197 2296 Virgilii.
1212 2246 1235 2282 v,
1258 2229 1303 2283 ins.
1316 2230 1338 2292 b.

899 2359 920 2421 s.
936 2372 974 2407 22.
987 2374 1012 2407 ut
1023 2361 1118 2425 Neapoli
1127 2362 1258 2408 Parthenias
1268 2360 1338 2425 vulgo

866 2426 1018 2490 appellaretur.
1051 2427 1108 2472 Non
1118 2425 1338 2497 Gramnpticimo·

867 2493 908 2547 do,
924 2489 1095 2543 verumetiam
1107 2491 1229 2539 Ausonius
1243 2491 1277 2538 ita
1288 2503 1338 2539 tra·

866 2554 902 2603 dit
921 2554 947 2601 in
970 2556 1079 2603 Centone
1098 2568 1167 2620 nupt.
1186 2556 1216 2603 ad
1237 2556 1256 2603 s,
1273 2556 1339 2624 Quid

866 2623 928 2667 etiam
942 2622 1081 2675 Parthenium
1091 2622 1169 2671 dil-lum
1186 2623 1255 2689 crastin
1267 2624 1338 2687 puda-

866 2687 923 2745 ris?
939 2689 976 2750 qui
996 2688 1060 2736 Vttt
1074 2690 1131 2735 AEn.
1152 2705 1198 2735 cum
1216 2686 1338 2767 describeret

866 2762 940 2797 cottum
952 2753 1037 2799 Veneris
1047 2766 1112 2816 atque
1120 2753 1219 2809 Vulcani,
1228 2769 1338 2817 marpess-

867 2813 927 2875 parias
937 2815 1031 2866 decenter
1041 2817 1152 2881 immiscuit.
1185 2818 1282 2864 Nomen
1293 2816 1339 2869 hoc
1364 2814 1366 2821 ’

869 2889 893 2925 et
914 2890 966 2925 tota
985 2880 1014 2926 de
1029 2880 1119 2940 pudore
1138 2882 1215 2943 poitae
1227 2881 1337 2942 narratio

869 2959 899 2989 ex
927 2941 976 2989 solo
992 2944 1087 3007 Virgilii
1112 2944 1210 2990 nomine
1235 2944 1339 2990 conficis

870 3006 917 3054 effe
939 3008 1044 3064 videtur,
1061 3005 1125 3067 quafi
1145 3024 1159 3059 a
1179 3011 1266 3072 virgine
1283 3009 1340 3055 duc·
1435 3051 1437 3054 ,

870 3082 924 3118 tum
936 3070 1000 3118 effet.
1044 3071 1109 3117 Hinc
1129 3086 1143 3117 a
1162 3072 1265 3136 aegilia
1280 3076 1341 3122 Par·

870 3138 960 3189 thensas.
992 3134 1062 3186 Vidit
1081 3136 1127 3182 hoe
1143 3136 1226 3183 etiam·
1238 3137 1342 3183 Huetius

874 3200 965 3265 Qtaest.
977 3200 1061 3247 Alnet.
1079 3199 1122 3252 lib.
1135 3202 1166 3257 ll,
1182 3217 1202 3248 c.
1221 3214 1259 3260 15.
1273 3192 1338 3250 coni.

872 3266 941 3328 Bayl.
957 3268 1050 3313 Diasion.
1070 3282 1122 3313 voc.
1145 3268 1229 3333 Virgile
1259 3269 1291 3312 A.
1311 3268 1339 3316 Β.

873 3330 957 3378 Potuit
985 3333 1058 3378 eriam
1096 3330 1200 3379 alterum
1228 3331 1342 3395 Neapolis

873 3412 963 3444 nomen
975 3398 1108 3462 Parthenope
1119 3400 1156 3443 Ge
1178 3399 1221 3454 1v,
1237 3397 1286 3459 564
1297 3397 1342 3443 ho·

873 3462 951 3509 mines
970 3463 1031 3510 male
1047 3460 1144 3510 satiatos
1160 3463 1190 3510 ad
1208 3462 1253 3510 hoc
1275 3478 1342 3509 com-

873 3540 984 3575 mentum
992 3528 1117 3575 adducere.
1146 3527 1343 3575 conserFabtum

873 3592 904 3639 ad
915 3592 1000 3656 Jusliu.
1011 3594 1052 3646 Ill,
1069 3607 1092 3647 4.
1127 3594 1249 3640 Caeterum
1267 3608 1344 3655 quatt-
1389 3638 1395 3647 x

874 3672 928 3714 tum
950 3657 1062 3704 monachi
1081 3657 1105 3703 in
1132 3656 1231 3719 Virgilii
1246 3659 1345 3705 nomine

877 3723 1059 3784 interpretando
1072 3722 1220 3785 ine-prierint,
1236 3723 1282 3769 dici
1302 3724 1344 3769 vix

871 3787 961 3855 potest.
995 3788 1079 3832 Unum
1097 3786 1135 3832 hie
1154 3785 1289 3835 adferemus
1305 3781 1346 3835 ex'-

878 3852 993 3913 emplum.
1028 3852 1055 3896 ln
1067 3851 1156 3897 Codice
1179 3852 1292 3899 Gudiano
1310 3853 1348 3899 in·
1385 3890 1388 3896 .

878 3927 917 3962 ter
936 3915 981 3962 alia
1007 3913 1098 3961 somnia
1120 3914 1229 3978 legitur:
1247 3916 1348 3969 Rublius
1408 3921 1411 3925 ⁴

878 3982 946 4029 diuus
956 3982 1059 4044 Virgilius
1066 3998 1080 4027 a
1089 3979 1173 4042 pollice
1182 3997 1280 4044 magno,
1288 4000 1348 4047 quem

878 4046 986 4105 habebare
1010 4060 1035 4092 ut
1057 4044 1173 4107 Virgilius
1199 4047 1268 4095 ditius
1286 4048 1313 4111 cst
1333 4067 1349 4095 a

878 4111 949 4174 virga
960 4111 1029 4158 lauri.
1062 4110 1125 4167 Sive,
1136 4111 1224 4175 Populi
1233 4123 1258 4157 et
1269 4111 1352 4161 Publii

880 4178 1003 4226 dicebantur
1017 4175 1078 4239 apud
1087 4178 1182 4241 antiquos
1199 4178 1260 4242 quast
1275 4177 1351 4239 puppi

880 4256 901 4291 et
918 4242 1003 4306 pupilli
1021 4240 1062 4287 vel
1076 4242 1264 4304 orfani-Maro
1283 4242 1352 4291 ditem

881 4308 933 4373 esta
945 4322 1018 4353 mare.
1052 4304 1115 4351 Sieuc
1123 4309 1174 4352 enim
1191 4305 1352 4359 mareabundae

882 4391 949 4438 aqua,
966 4377 996 4419 ira
1004 4386 1024 4417 et
1035 4371 1075 4435 ipſs
1084 4371 1187 4438 affluebat
1191 4371 1296 4439 sapientia
1299 4373 1358 4438 plur

883 4441 964 4487 caeterls
968 4439 1042 4503 poetis.

917 4502 938 4563 §-
959 4504 998 4557 2'4.
1012 4505 1087 4560 senties
1105 4501 1155 4549 HS.
1173 4501 1233 4547 Sunt
1252 4498 1293 4552 80,
1306 4511 1354 4559 729

358 4573 389 4637 ἔξ
401 4561 454 4642 sqq-
485 4563 685 4631 Nanagounas,
712 4564 838 4623 Nimirum
884 4564 927 4628 l.3
945 4568 964 4616 s.
980 4567 1032 4624 4d.
1045 4558 1359 4618 secundumArbutbnorii

1257 4643 1357 4693 eompu-
