3575 5509
394 654 530 740 xxxrr
588 687 594 696 -
685 607 1121 719 PRAEFATIOJ
1188 619 1191 625 ’

393 867 485 923 rum
502 838 620 918 etiarn
634 834 943 917 emendatiorem
962 804 1112 915 reddidi
1130 853 1168 914 et
1187 814 1297 916 novi-s
1313 854 1383 920 aea

395 972 643 1065 ceffionibus,
671 968 720 1053 de
738 971 882 1083 quibus
899 970 985 1082 post
1003 963 1146 1066 dicam,
1166 973 1380 1082 locupleta·
1470 1009 1475 1025 ¹

358 1093 379 1124 ²
395 1110 461 1207 vi:
479 1137 575 1190 cum
592 1108 710 1188 semel
725 1107 764 1188 id
781 1110 893 1216 agere
907 1105 1166 1202 instituiffem,
1186 1127 1245 1203 ut,
1260 1129 1381 1219 quota

394 1267 494 1358 quot
504 1246 664 1358 quidem
679 1246 865 1326 ledtiones
884 1245 1074 1323 variantes
1095 1244 1237 1324 alicubi
1249 1272 1380 1358 repera

394 1383 657 1474 taedentia
676 1381 753 1462 hoc
769 1379 913 1461 saltem
927 1388 1042 1488 poeta
1060 1381 1102 1458 in
1121 1409 1239 1461 unam
1259 1381 1378 1462 editi-e

394 1546 519 1624 onem
537 1519 657 1600 essent
675 1518 892 1628 congestaez
921 1536 965 1597 ut
984 1514 1061 1595 hoc
1084 1520 1267 1625 exemplo
1285 1545 1381 1626 pro-·
1457 1514 1460 1520 ’

394 1651 788 1772 pofitoadolescentes
801 1653 958 1735 studiosi
968 1654 1130 1734 omnino
1141 1657 1321 1761 variantis
1335 1657 1378 1734 in

306 1834 308 1843 ·
372 1830 373 1833 ¹
397 1790 512 1871 codd.
531 1811 569 1871 et
588 1792 677 1872 edd.
697 1792 877 1872 lediionis
896 1793 1047 1871 morem
1068 1809 1105 1868 et
1120 1788 1232 1870 usum
1249 1788 1379 1869 addis⁴
1418 1821 1420 1825 ·

372 1926 538 2021 scerent,
551 1928 818 2041 sollennesque
829 1926 957 2038 lapsus
975 1946 1013 2006 et
1024 1928 1314 2007 allucinationes
1328 1927 1379 2005 li-

396 2064 702 2150 brariorumfibi
728 2064 938 2146 familiares
956 2057 1193 2151 redderent.ss
1228 2066 1380 2145 Curavi

397 2221 531 2283 tamen
545 2202 656 2283 simul
676 2201 769 2295 hoc,
786 2222 828 2281 ut
847 2200 923 2281 hoc
937 2200 1021 2310 ipso
1034 2203 1218 2311 exemplo
1232 2229 1381 2309 propo-1

395 2338 471 2422 fito
489 2339 653 2418 omnino
668 2338 717 2420 de
735 2356 820 2417 toto
838 2336 912 2417 hoc
930 2367 1069 2447 genere
1094 2342 1197 2417 redte
1217 2337 1379 2417 statuere

397 2474 669 2590 affuescerenn
715 2479 820 2557 Bene
838 2478 946 2556 enim
966 2504 1015 2577 ex
1033 2478 1159 2586 prima
1183 2494 1294 2554 aetate
1316 2502 1381 2555 rea·

398 2611 553 2705 cordor,
571 2601 691 2721 quam
705 2640 843 2721 parum
861 2607 1066 2721 explicitas
1085 2631 1122 2691 et
1131 2610 1250 2719 justas
1270 2612 1382 2691 notic-

398 2777 494 2829 ones
519 2747 566 2828 de
593 2750 762 2829 ledtione
789 2750 960 2829 variante
988 2748 1241 2829 imbiberim:
1284 2778 1379 2829 cum

396 2909 479 2966 non
505 2886 626 2967 modo
653 2887 882 2967 eruditionis
909 2886 1076 2967 liberalis
1114 2887 1309 2967 summam
1335 2887 1379 2969 in

397 3022 545 3117 critica,
558 3053 698 3105 ,verum
716 3024 834 3102 etiam
847 3024 997 3102 critices
1016 3022 1211 3102 summam
1239 3024 1379 3103 inlec-

397 3162 516 3242 tionis
541 3164 723 3243 variantis
740 3162 985 3271 diligentiore
1009 3159 1135 3241 studio
1153 3181 1190 3239 et
1207 3163 1249 3241 in
1267 3163 1385 3243 elici-⁶
1453 3158 1455 3160 ¹

318 3369 320 3373 ,
397 3297 499 3379 enda
516 3298 646 3407 aliqua
665 3297 770 3377 felici
795 3298 1065 3379 emendatione
1088 3300 1150 3379 vel
1166 3296 1384 3408 'conjectus
1440 3284 1443 3296 ¹

384 3443 457 3526 ra,
480 3433 679 3514 ‘contineri
705 3431 897 3515 audirem.
954 3434 1083 3546 Atqui
1108 3439 1237 3547 major
1260 3436 1385 3548 hujus·-

334 3671 336 3675 .
396 3596 497 3649 curae
510 3592 597 3680 pars
611 3568 800 3651 adsolum
814 3571 1002 3652 editorem
1021 3573 1179 3682 spectat,
1197 3576 1246 3655 ad
1263 3576 1386 3658 latria
1426 3638 1430 3642 ,

309 3730 313 3736 ·
396 3733 515 3785 onem
540 3724 579 3785 et
616 3705 973 3816 interpretationem
998 3738 1141 3819 >parurn
1157 3731 1234 3791 aut
1257 3711 1387 3809 nihil,¹

395 3870 469 3923 nec
486 3841 557 3922 nisi
576 3844 617 3923 in
634 3844 729 3925 locis
745 3846 889 3940 dubiis,
919 3846 1090 3929 obscuris
1112 3869 1150 3928 et
1169 3851 1389 3958 corruptist'

385 3962 554 4058 'Verum¹
566 3998 604 4060 et
628 3978 708 4089 ipse
737 3982 861 4061 editor
878 3990 933 4063 ex'
955 3986 1065 4063 omni
1092 3986 1160 4064 illa
1186 3982 1381 4095 farragine

396 4120 589 4224 perpauca
618 4116 748 4195 tollere
768 4118 921 4227 potest3
952 4118 1143 4229 quorsum.
1169 4122 1276 4201 enim
1304 4131 1385 4230 pro

395 4250 564 4332 lectione
581 4254 750 4334 variante
767 4252 953 4335 sollennia
970 4276 1007 4337 et
1025 4258 1074 4337 ad
1093 4256 1246 4339 sensum
1264 4260 1382 4340 obvia

396 4386 493 4467 vitia
519 4387 783 4488 librariorum,
809 4421 953 4476 errores
979 4416 1019 4477 et
1047 4396 1220 4508 stupores
1250 4398 1382 4479 mani·

1275 4531 1378 4633 festi,
