3575 5509
337 766 341 776 ·
397 718 569 813 xxxvrr'r
680 710 1056 805 PRAEFATIO,
1085 710 1164 791 &e

392 929 623 1043 punctione.
667 919 879 1024 Constituit
896 920 1029 1029 itaque
1039 920 1127 1030 jure
1143 919 1212 1003 suo
1225 921 1374 1005 Brunc'-

396 1070 490 1156 kius
509 1059 883 1169 exarareVirgilium
893 1054 1079 1166 scriptura
1096 1056 1300 1154 constanti,
1312 1061 1374 1143 in.

397 1197 615 1313 primisque
646 1194 698 1277 ad
735 1213 907 1275 veterem
945 1192 1137 1274 rationem
1174 1213 1348 1276 revocata
1360 1234 1376 1289 ς

398 1336 544 1451 quade
562 1365 602 1417 re
620 1332 716 1444 quid
736 1330 838 1422 mihi
855 1332 975 1441 longo
992 1359 1123 1413 rerum
1142 1330 1214 1415 usu
1230 1331 1377 1413 edodto
1444 1437 1446 1439 v

398 1492 648 1585 compertum
666 1470 723 1564 fit,
741 1470 854 1581 supra
869 1468 1048 1582 exposui.
1136 1525 1139 1531 ·

456 1612 637 1721 Contigit
662 1609 763 1690 mihi
801 1608 1011 1718 eaeteroqui
1043 1638 1086 1690 ea
1123 1606 1291 1706 fortuna,
1332 1629 1378 1693 ut

400 1748 578 1832 lectionis
607 1748 833 1857 Virgilianae
862 1746 1023 1836 annales.
1045 1747 1184 1863 melius
1216 1748 1381 1829 condere

400 1882 567 1995 pulsem,
587 1912 710 1993 quam
722 1885 762 1964 in
776 1883 902 1993 priore
918 1882 1101 1967 editione.
1145 1884 1252 1966 Cum
1266 1888 1380 1966 enim

402 2050 539 2101 omnes
574 2019 740 2116 Aldina-s
784 2017 832 2118 ad
863 2046 1002 2099 manus
1036 2017 1231 2111 haberem,
1270 2050 1380 2101 com·

325 2251 331 2255 μ
401 2159 602 2267 paratione
628 2157 805 2267 diligenti
845 2153 949 2248 faeta
983 2156 1173 2249 intellexi,
1214 2159 1381 2252 tertiam,

404 2326 427 2383 a
445 2297 645 2405 Naugerio
663 2295 924 2405 emendatam,
955 2298 1139 2377 omnium
1156 2296 1229 2377 elle
1247 2326 1382 2378 emen·

405 2428 653 2529 datiffimam,
668 2447 705 2508 et
735 2428 884 2509 Heinfii
912 2458 1034 2539 opera,
1051 2432 1284 2540 plerumque
1311 2462 1383 2514 nos

405 2562 643 2675 supersedere
660 2562 838 2675 potuisse,
868 2564 895 2645 fi
914 2594 1000 2646 eam
1019 2567 1229 2647 editionem
1251 2570 1384 2677 expri-

405 2731 510 2785 mere
527 2701 711 2783 curaffent
740 2701 904 2783 editores
924 2699 1210 2811 insequentium
1231 2726 1386 2816 tempo·
1426 2760 1428 2763 ι

406 2867 519 2930 rum;
548 2857 586 2938 at
624 2841 792 2937 maluere
830 2838 889 2918 illi
926 2838 975 2918 ad
1009 2841 1179 2948 antiqua
1197 2842 1320 2924 redire
1346 2864 1385 2926 et
1440 2815 1443 2821 Ι

405 2974 571 3063 Aldinae
581 2974 742 3083 priores,
767 2974 1084 3083 Florentinasque
1099 3004 1148 3053 ex
1165 2976 1212 3056 iis
1229 2975 1385 3075 ductas,

405 3111 650 3194 excudendas
677 3112 823 3213 tradere
850 3111 992 3219 operis,
1032 3130 1098 3192 aut
1135 3139 1185 3190 ex
1222 3122 1386 3221 utraque

406 3248 566 3339 Aldina,
596 3238 724 3356 priore
762 3267 799 3327 et
828 3250 953 3340 tertia,
992 3272 1133 3326 novam
1173 3248 1386 3330 lectionem
1478 3329 1487 3337 ,

406 3387 621 3470 miscellam
673 3385 857 3470 conflare.
944 3386 1091 3465 Verum
1143 3384 1190 3463 de
1236 3380 1297 3463 his
1342 3411 1402 3481 v„

326 3622 329 3627 Ι
407 3519 481 3625 inf.
515 3521 563 3599 de
595 3519 700 3604 Edd.
735 3521 816 3601 Ser.
846 3520 1048 3631 Gottingae
1081 3522 1146 3601 M.
1178 3517 1389 3602 Decembri

409 3681 757 3757 Moccrxxxvu.
