3575 5509
370 675 494 758 VITA
521 670 561 751 P.
587 663 802 752 VIRGlLlI
828 664 1078 750 MARONIS.
1128 683 1298 752 crxxxrrf

311 894 375 954 ⁴ttotr
399 879 507 946 debent,
535 877 624 936 Pollio
647 878 765 946 scilicet,
782 876 899 944 Silenus,
922 888 949 933 et
968 876 1073 935 Gallus.
1126 875 1216 934 Prima
1240 878 1296 956 igi·

317 971 367 1025 tur
398 967 519 1025 continet
546 968 761 1044 conquestionem
787 965 937 1043 publicam,
968 981 996 1022 et
1025 964 1159 1041 privatam
1182 972 1297 1044 congia·

307 1053 476 1117 'tulationem
501 1053 536 1110 de
557 1073 633 1131 agro,
673 1068 700 1111 et
724 1053 827 1109 dicitur
855 1052 979 1127 Tityrus.
1031 1052 1153 1109 Secunda
1177 1071 1295 1109 amorem

317 1141 406 1217 pueri,
424 1155 453 1199 et
471 1141 574 1199 dicitur
594 1139 711 1214 Alexis.
748 1137 845 1199 Tertia
874 1153 1009 1196 certamen
1032 1139 1174 1215 pallorum,
1200 1147 1227 1197 et
1252 1140 1296 1198 dl·

301 1226 393 1286 'citur
427 1229 569 1297 Palaemon.
635 1230 740 1308 Qrarta
773 1228 984 1307 genethliacum,
1014 1241 1041 1283 et
1070 1221 1176 1286 dicitur*
1197 1228 1298 1289 Pollio.

321 1316 429 1396 Qinta
457 1317 638 1397 epitaphium,
664 1331 692 1375 et
720 1318 822 1376 dicitur
854 1314 988 1395 Diphnis.
1053 1318 1133 1375 Sexta
1157 1335 1298 1378 metamor·
1333 1328 1340 1339 “

320 1406 427 1483 phofin,
454 1422 482 1465 et
506 1408 611 1466 dicitur
632 1408 730 1476 Varus,
760 1423 793 1467 ’et
817 1404 932 1466 Silenus.
986 1406 1106 1485 Septima
1133 1427 1236 1466 amores
1257 1408 1301 1466 di·

320 1497 459 1556 versorum
488 1498 609 1565 sexuum,
639 1513 666 1556 et
694 1498 797 1557 dicitur
824 1497 966 1575 Corydon.
1031 1498 1136 1556 octava
1172 1499 1297 1557 Pharma-
1322 1518 1325 1532 ·

321 1588 437 1655 ceutria,
460 1600 489 1644 et
509 1587 610 1645 dicitur
630 1587 749 1654 Damon.
802 1586 887 1645 Nona
908 1586 1029 1645 continet
1060 1594 1149 1666 poetae
1167 1590 1299 1667 conques-

321 1666 426 1733 tionem
448 1676 483 1733 de
507 1676 597 1735 amisso
619 1697 697 1756 agro,
722 1692 749 1735 et
772 1676 877 1734 dicitur
892 1675 1004 1736 Moeris.
1056 1675 1171 1735 Decima
1195 1674 1298 1738 defide-

323 1763 396 1821 rium
419 1766 507 1834 Galli,
538 1782 565 1824 et
591 1768 694 1826 dicitur
715 1767 820 1824 Gallus.
872 1765 957 1845 Quod
982 1765 1017 1823 ad
1043 1768 1166 1825 ordinem
1189 1768 1298 1847 speilat,
1321 1788 1372 1831 toa

322 1850 393 1913 illud
414 1856 480 1914 scire
500 1856 638 1930 debemus,
670 1856 700 1914 in
724 1856 811 1933 prima
833 1869 938 1912 tantum
960 1869 988 1913 et
1006 1854 1102 1913 ultima
1118 1857 1222 1936 Ecloga
1232 1868 1298 1937 poe.
1458 1865 1460 1868 ·

323 1945 381 1999 liam
401 1943 511 2003 voluille
535 1945 659 2002 ordinem
677 1944 780 2001 servare
787 1966 797 2010 ;
825 1942 955 2019 quoniam
977 1942 1007 1999 iu
1029 1944 1111 2000 altera
1135 1946 1300 2023 principium

322 2033 481 2091 constituit:
502 2033 573 2091 utin
584 2032 733 2109 Georgicis
745 2032 800 2088 ait:
835 2030 923 2108 Tityre
946 2047 970 2087 te
985 2032 1085 2107 patulae
1103 2042 1180 2091 cecini
1180 2035 1232 2111 sub
1245 2050 1301 2115 teg-

324 2128 483 2201 minefagiy:
505 2123 535 2180 in
545 2123 629 2181 altera
639 2121 754 2179 ostendit
766 2122 860 2178 finem:
881 2120 980 2198 quippe
989 2120 1037 2197 qui
1050 2120 1136 2190 dicat,
1155 2124 1303 2186 Extremum
1392 2164 1394 2167 v

324 2208 453 2288 Arethusa
465 2208 527 2267 mihi
537 2212 633 2267 concede
642 2208 759 2291 laborem.
798 2206 914 2274 Verum,
940 2206 1012 2265 inter
1029 2206 1097 2285 ipsas
1109 2207 1236 2289 Eclogas,
1254 2234 1302 2291 pa.

325 2297 449 2356 storalem
474 2297 707 2376 conscriptumque
730 2297 854 2355 ordinem
878 2298 981 2354 nullum
1000 2298 1050 2364 elle
1072 2298 1243 2359 certiffimum
1255 2306 1302 2363 est.
1399 2334 1403 2342 ν

326 2388 382 2445 Sed
407 2388 468 2447 sunt
487 2390 536 2466 qui
546 2389 649 2454 dicant,
669 2389 779 2446 initium
793 2386 917 2445 Bucolici
929 2386 1058 2446 carminis
1069 2408 1123 2471 non
1136 2390 1223 2467 Tityre
1233 2392 1301 2464 effc;

325 2478 372 2539 sed
385 2480 474 2538 Prima
486 2481 608 2555 tharacosto
620 2482 728 2560 dignm
739 2484 773 2556 est
784 2478 870 2550 ludere
881 2484 968 2555 versu.

365 2566 466 2626 XXV.
498 2565 618 2644 Superest
642 2567 816 2646 explanatio:
857 2566 892 2623 ad
924 2586 1005 2643 quarn
1040 2582 1180 2647 antequam
1209 2570 1376 2653 venia-103

328 2673 400 2721 mus,
428 2654 498 2712 illud
519 2653 648 2720 dixerim,
680 2668 760 2712 tenue
781 2654 830 2712 effe
852 2654 1011 2714 Bucolicum
1032 2675 1151 2723 carmen,
1173 2670 1201 2714 et
1220 2658 1303 2735 usque

327 2742 398 2799 adeo
417 2741 451 2799 ab
470 2742 579 2800 heroico
607 2742 757 2799 charastere
777 2742 882 2809 distare,
922 2757 953 2800 ut
977 2743 1064 2816 versus
1094 2762 1201 2821 quoque
1224 2744 1303 2821 hujus

325 2828 465 2888 carminis
476 2830 531 2887 suas
555 2828 683 2906 quasdam
702 2830 812 2887 caesuras
827 2829 953 2898 habeant,
972 2846 1000 2888 et
1021 2832 1075 2889 suis
1086 2832 1194 2908 legibus
1207 2832 1303 2891 distin·

328 2931 454 2994 guantur.
507 2916 581 2974 Nam
607 2936 669 2974 curn
689 2914 775 2975 tribus
793 2916 924 2994 probetur
940 2933 1071 2975 metrum:
1098 2919 1209 2988 caesura,
1229 2920 1303 2978 scan-
1327 2956 1381 3014 104

329 3006 412 3076 hone,
431 3005 651 3073 modificatione3
679 3025 734 3062 non
758 3006 810 3063 erit
835 3005 980 3063 Bucolicus
1003 3006 1102 3073 versus,
1122 3007 1172 3064 nist
1195 3008 1225 3064 in
1249 3030 1305 3086 quo

329 3109 358 3152 et
370 3114 415 3173 pes
429 3094 531 3172 primus
550 3108 653 3171 partem
673 3093 803 3151 orationis
815 3093 976 3151 absolverit:
1008 3106 1036 3149 et
1056 3093 1150 3149 tertius
1174 3095 1308 3155 trochaeus

330 3179 413 3241 suerit
438 3197 465 3240 et
489 3181 599 3249 caesura,
628 3195 655 3239 et
676 3194 784 3258 quartus
808 3200 854 3258 pes
875 3180 996 3255 dallylus
1015 3180 1102 3257 magis
1123 3200 1203 3258 quam
1227 3182 1307 3259 spon.

329 3271 397 3328 deus
419 3282 522 3346 partem
557 3268 686 3326 orationis
720 3268 915 3335 terminaverit,
955 3268 1066 3344 quintus
1097 3283 1125 3326 et
1149 3260 1236 3327 sextus
1261 3291 1307 3349 pet

331 3376 366 3414 ex
391 3356 505 3434 integris
523 3355 689 3413 dictionibus
713 3356 812 3424 fuerit;
846 3356 920 3432 quod
939 3353 1085 3434 Virgilius,
1114 3375 1131 3411 a
1156 3356 1306 3418 Theocrito

330 3445 399 3523 sepe
423 3444 564 3512 servatum,
593 3443 678 3501 vitius
702 3442 791 3521 operis
813 3444 981 3511 difficultate,
1011 3444 1139 3521 neglexit.
1170 3444 1225 3520 ‘In
1248 3446 1380 3536 solo105

286 3598 290 3607 ,
332 3531 482 3610 principio,
510 3530 644 3590 incertum
663 3530 794 3589 industria
814 3550 847 3588 an
868 3532 941 3599 casu,
959 3529 1020 3588 'has
1043 3531 1152 3589 caeiuras
1181 3533 1306 3597 servavit.

333 3617 423 3687 Nam,
443 3618 539 3693 Tityre,
570 3619 690 3693 datlylus
714 3631 817 3695 partem
841 3618 971 3676 orationis
984 3618 1109 3688 absolvit,
1128 3636 1156 3677 tu
1171 3637 1248 3696 patu,
1272 3622 1308 3679 lae

334 3728 401 3773 recu,
432 3705 540 3762 tertium
561 3705 710 3780 datiylum,
739 3704 858 3781 quamvis
882 3705 917 3762 de
938 3706 1084 3780 composita
1103 3705 1223 3764 dictione
1242 3727 1308 3766 con-

333 3793 426 3850 clufit:
456 3791 519 3851 bans
526 3793 578 3869 sub
603 3808 727 3869 quartum
750 3792 905 3869 spondaeum
930 3783 979 3870 pro
1003 3794 1122 3868 dactylo.
1160 3793 1232 3851 Cum
1245 3795 1308 3852 sub·

330 3879 436 3955 junxit,
470 3886 574 3957 tegmine
589 3887 665 3959 fagi,
697 3878 846 3936 terminatis
870 3880 991 3955 partibus
1015 3880 1147 3937 orationis
1171 3884 1308 3959 integrum

334 3983 444 4023 comma
457 3965 583 4041 perfecit:
617 3967 693 4042 cujus
717 3966 756 4024 rei
777 3966 949 4044 diligentiam
973 3966 1037 4024 licet
1050 3967 1079 4025 in
1093 3969 1236 4027 Theocriti
1248 3990 1307 4027 om-

334 4051 416 4123 nibus
439 4052 525 4110 ferme
548 4054 663 4111 verhbus
684 4054 820 4113 admirari.
882 4054 940 4134 Qi
965 4074 1029 4112 vero
1054 4054 1132 4133 supra
1156 4058 1228 4114 dieta
1252 4057 1309 4114 acri
1332 4057 1391 4128 106

331 4140 442 4217 judicio
467 4139 662 4217 diligenterque
687 4141 870 4209 confiderarit,
902 4141 982 4199 facile
1014 4142 1159 4221 intelliget,
1196 4163 1256 4219 quae
1281 4144 1312 4202 iu

337 4225 486 4305 Georgicis
508 4227 624 4286 intentio
649 4229 750 4307 quique
778 4230 838 4287 finis
862 4229 954 4297 fuerit,
986 4249 1034 4288 nec
1062 4232 1149 4289 minus
1173 4232 1256 4286 etiarn
1281 4229 1312 4287 in

369 4404 390 4467 §-
409 4419 461 4461 104.
489 4426 527 4454 non
548 4405 591 4455 m'l
608 4410 701 4456 bucolicus
723 4412 802 4471 uersus,
847 4412 942 4459 versum
968 4410 1102 4460 bucolicum
1129 4410 1258 4474 appellant,
1286 4408 1312 4457 ln

337 4472 379 4535 affl.
409 4472 704 4522 Gramnraticisubtilitasi
737 4476 801 4522 Cum
847 4491 896 4537 quo
906 4475 957 4539 poll
974 4478 1059 4541 pedem
1070 4476 1169 4525 tertium
1181 4476 1265 4524 caesura
1276 4475 1313 4521 in-

336 4535 368 4584 dc
398 4533 486 4607 cassura
521 4549 596 4603 agunt
637 4539 803 4599 Grammatiei,
847 4540 912 4587 sidit.

1227 4602 1246 4663 s.
1261 4571 1312 4662 107.
