3575 5509
400 670 452 745 94
547 642 588 717 P.
629 636 909 721 VIRGILII
958 626 1254 722 MARONIS

400 843 535 905 nonnullis
544 838 686 899 'Iheocriti
699 836 824 917 inprimis
834 835 920 914 Idle.
933 838 985 896 Iet
995 837 1066 909 VH,
1074 839 1151 898 locis
1162 854 1284 920 apparet.
1326 815 1396 920 Fini

398 942 448 1011 ille
459 950 488 1009 in
506 948 596 1008 herois
609 948 672 1007 loco
691 947 763 1005 inter
774 946 888 1024 pastores
900 946 1024 1016 babitus;
1043 961 1124 1005 cantu
1138 947 1184 1006 ille
1203 948 1307 1009 nobilis
1325 967 1354 1012 et
1372 974 1391 1012 a

400 1053 532 1133 Nympha
544 1069 662 1124 amatum
683 1052 765 1132 hique
777 1046 835 1130 ejus
849 1073 963 1122 amores,
974 1053 1031 1111 iata
1042 1067 1069 1112 et
1083 1073 1155 1111 mors
1170 1055 1317 1133 pastoritiis
1328 1077 1389 1119 car-
1475 1118 1477 1122 ,

399 1155 518 1214 minibus
529 1156 661 1218 celebrata
679 1170 707 1213 et
720 1154 813 1213 multis
831 1155 920 1213 modis
938 1153 1050 1214 variata.
1063 1156 1121 1215 vid.
1134 1156 1169 1213 de
1179 1175 1213 1215 co
1229 1157 1339 1219 Servius
1349 1162 1387 1220 ad

325 1309 330 1319 .
399 1257 461 1316 Ecl.
475 1256 561 1324 VIII,
574 1258 623 1318 68.
662 1257 780 1315 Diodor.
793 1256 848 1326 IV,
865 1261 913 1333 84,
931 1270 958 1315 et
970 1256 1073 1315 AEiian.
1084 1256 1121 1316 V.
1131 1257 1173 1318 Η.
1182 1258 1223 1326 Χ,
1235 1264 1279 1320 18.
1298 1274 1327 1319 et
1345 1260 1389 1322 ibi

397 1360 489 1441 Inrpp.
504 1362 594 1419 Schol.
607 1361 729 1420 Tbeocr.
743 1361 786 1419 Id.
802 1360 885 1429 VIII,
898 1361 919 1419 f.
932 1360 970 1419 cf.
984 1359 1066 1418 Silius
1078 1358 1140 1419 Ital.
1155 1360 1244 1431 XIV,
1255 1363 1312 1438 46⁶
1324 1362 1387 1443 sqq.
1480 1445 1482 1450 Ι

398 1461 485 1520 ovid.
498 1461 542 1518 IV
553 1460 624 1518 Met.
639 1460 801 1539 276-278,
813 1473 840 1517 et
853 1459 893 1518 ibi
906 1458 1011 1539 intpp„
1024 1457 1143 1517 Doruill.
1157 1460 1248 1520 Sicula
1256 1482 1285 1540 p.
1294 1480 1329 1543 27
1340 1463 1385 1543 sq.

397 1564 524 1644 Daphnis
544 1584 560 1622 a
579 1563 651 1625 Pane
674 1576 777 1622 amatus
796 1562 893 1643 Epigr.
913 1584 957 1642 ap.
978 1564 1096 1622 Brunck.
1117 1563 1204 1624 Tom.
1222 1564 1255 1625 Ι.
1276 1586 1306 1645 p.
1336 1586 1384 1648 15.

398 1668 498 1729 Noster
505 1687 570 1727 vero
579 1674 659 1747 poeta
669 1679 857 1745 argumentum
869 1659 1035 1745 pastoritium
1049 1665 1160 1725 heroico
1168 1666 1261 1747 generi
1271 1668 1386 1749 pmpius

395 1770 530 1841 admovit,
547 1770 632 1849 idque
651 1771 690 1828 ita
708 1769 842 1838 tractavit,
862 1770 972 1830 ornavit
995 1783 1024 1827 ct
1043 1768 1233 1848 amplificavit,
1252 1786 1283 1831 ut
1300 1794 1384 1852 gene.

395 1873 486 1932 rosum
497 1879 586 1951 poctae
596 1869 669 1951 epici
680 1871 804 1951 spiritum
817 1870 898 1932 facile
908 1872 937 1930 in
948 1892 982 1931 eo
993 1872 1132 1950 agnoscas,
1149 1891 1312 1953 quamquam
1331 1877 1384 1936 fin.

395 1979 467 2060 gulae
484 1997 572 2038 rerum
592 1977 723 2055 imagines
741 1992 769 2035 et
786 1977 950 2060 charaiieres
967 1995 1002 2034 ex
1022 1976 1264 2053 antiquiffimorum
1283 1979 1381 2038 carmi·

395 2097 462 2136 num
475 2076 567 2135 indole
576 2090 604 2133 et
615 2077 706 2134 colore
721 2075 796 2134 ducii
816 2076 886 2135 sunt.
926 2075 1027 2145 Iocus,
1047 2074 1077 2133 in
1096 2096 1152 2153 quo
1170 2076 1198 2135 se
1216 2077 1383 2138 conveniunt

374 2218 379 2223 -
395 2181 521 2259 pastores,
532 2180 619 2239 statim
628 2179 664 2239 ab
672 2177 752 2237 initio
763 2199 859 2257 magna
869 2177 999 2236 suavitate
1010 2176 1193 2237 describitur:
1207 2178 1382 2241 suceefferanr

281 2358 285 2362 ι
394 2298 473 2341 antro
482 2281 588 2359 agrestis
598 2281 661 2340 vitis
673 2279 831 2359 palmitibus
848 2280 980 2339 obduiio.
1019 2279 1136 2338 Carmen
1152 2280 1188 2340 ad
1202 2300 1305 2342 annum
1322 2302 1380 2362 7¹²

395 2384 487 2442 referri
506 2386 583 2445 solet.
623 2387 698 2445 Vide
719 2389 803 2445 Vitam
825 2384 931 2466 Virgilii
955 2385 986 2446 h.
1005 2406 1031 2445 a.
1071 2384 1229 2470 Imitatione
1253 2386 1384 2466 sequutus

363 2513 371 2530 e
394 2490 431 2548 est
442 2489 511 2547 banc
523 2488 655 2571 Eclogam
669 2491 768 2573 Pupius
786 2494 884 2572 Pastor.
903 2490 960 2564 IV,
979 2497 1060 2572 quem
1070 2496 1200 2571 vmascrime
1211 2492 1298 2569 poiiae
1314 2499 1381 2556 cnm

394 2596 611 2658 eacontendcnr.
1114 2632 1116 2635 >
