3575 5509
375 753 380 770 .
413 669 458 722 10
530 640 607 719 DE
647 636 921 713 CARMINE
956 636 1263 715 BUCOLICO.

408 847 550 920 videtur
565 868 603 916 eu
618 836 743 937 questio
759 835 974 933 dijudicanda,
995 860 1057 935 qua
1070 851 1188 911 natura
1201 838 1298 938 hujus
1313 865 1389 927 car.

289 971 307 1002 ⁴
407 973 502 1043 minis
523 969 573 1043 ,ab
603 965 797 1061 argumentis
832 959 1012 1054 piscatorii,
1040 966 1212 1051 venatorii,
1242 968 1391 1061 maffeii,
1497 1009 1499 1016 ·

405 1094 643 1175 vindemiatori
654 1088 811 1179 etstmilis
822 1090 950 1182 generis
972 1089 1079 1159 altena
1103 1090 1161 1182 effe
1175 1092 1387 1185 existimatur.

408 1217 578 1291 Carmina
593 1212 697 1314 hujus
711 1212 917 1309 argumenti
945 1211 1036 1283 bene
1057 1212 1166 1285 condi
1181 1212 1279 1309 polle
1304 1217 1388 1313 quis
1482 1199 1484 1204 ¹

312 1337 317 1359 ‘
406 1338 537 1439 neget?
562 1355 664 1410 erunt
686 1336 747 1409 illa
770 1335 829 1409 seu
851 1336 890 1408 in
918 1334 1155 1432 descriptione
1176 1335 1236 1409 seu
1262 1338 1300 1411 in
1323 1363 1387 1413 ac·

404 1467 503 1539 tione
518 1463 635 1559 aliqua
651 1486 694 1533 ex
720 1460 857 1540 caeteris
873 1460 959 1531 vitae
974 1459 1133 1555 partibus
1162 1458 1222 1533 seu
1244 1462 1386 1560 generi.

405 1590 472 1663 bus
489 1585 688 1661 exhibenda
703 1570 876 1681 occupata
888 1619 898 1669 3
924 1607 996 1655 non
1021 1607 1106 1655 vero
1132 1584 1169 1655 in
1195 1585 1282 1660 vitae
1301 1584 1385 1683 pas.

405 1712 538 1786 toritiae
570 1707 819 1804 fimplicitate:
844 1706 955 1803 quod
981 1730 1045 1802 per
1078 1704 1113 1777 se
1146 1705 1237 1779 nihil
1266 1708 1386 1797 habet,

404 1833 501 1933 quod
517 1829 712 1928 improbes.
763 1828 887 1928 Qid?
912 1828 1011 1924 quod
1025 1816 1027 1820 Α
1038 1810 1215 1924 pastoritii
1241 1829 1383 1926 generis

403 1961 567 2035 materies
591 1954 740 2028 omnino
767 1954 816 2026 est
842 1978 968 2050 pamm
991 1952 1169 2049 locuples;
1193 1952 1265 2051 ipsa
1295 1953 1383 2028 vitae

402 2085 613 2183 srmplicitas
637 2100 673 2154 et
698 2081 935 2177 tranquillitas
960 2104 1023 2177 per
1041 2060 1412 2177 pauca'argumenta‘

320 2196 324 2201 ¹
399 2211 530 2285 idonea
562 2206 776 2306 suppeditat,
801 2223 836 2277 et
865 2205 1039 2278 trailandi
1071 2204 1279 2303 simplicitas
1310 2230 1383 2280 non

402 2320 519 2429 magis
549 2354 718 2427 magnam
764 2328 937 2401 tractandi
975 2330 1182 2402 varietatem
1208 2330 1381 2405 admittit.

401 2451 531 2548 Neque
547 2452 635 2523 adeo
651 2451 728 2522 fieri
737 2451 862 2546 potest,
878 2470 918 2523 ut
934 2468 1064 2548 magna
1081 2450 1186 2549 copia
1202 2451 1382 2527 bonorum

400 2574 602 2648 carminum
639 2572 884 2645 bucolicorum
923 2598 1083 2670 unquam
1122 2573 1291 2670 speranda
1323 2574 1380 2648 fit.

402 2695 541 2796 Qidni
569 2696 679 2793 igitur
707 2696 813 2770 liceat
842 2720 1097 2794 quamcunque
1124 2697 1271 2771 tandem
1297 2699 1382 2773 vitae

399 2820 644 2895 conditionem
664 2847 705 2895 ac
731 2822 910 2896 fortunam
935 2824 1018 2895 huic
1043 2824 1166 2921 generi
1181 2823 1322 2911 inferre,
1346 2842 1382 2898 et

395 2940 530 3019 'sabulae
547 2946 687 3044 semper
707 2948 834 3021 eodem
850 2967 973 3021 tenore
991 2947 1215 3046 procedentis
1232 2948 1380 3020 taedium

398 3084 499 3163 grata
531 3068 722 3141 variatione
753 3069 878 3156 levare,
915 3067 1027 3140 modo
1052 3067 1231 3165 jucundas
1259 3073 1379 3140 rerum

305 3221 310 3234 s
399 3185 585 3283 imagines,
608 3215 691 3287 quae
715 3191 902 3278 delectent,
919 3207 956 3262 et
982 3213 1156 3286 congrum
1181 3188 1380 3282 sententias,

399 3306 590 3382 adhibeas?
615 3314 810 3385 Enimvero
833 3314 870 3386 id
897 3312 1015 3411 ipsum
1038 3312 1257 3386 difficultatis
1272 3316 1379 3388 habet
1443 3322 1449 3329 ’

398 3428 466 3502 boc
483 3437 683 3531 argumenti
697 3462 822 3534 genuS,
837 3438 935 3533 quod
953 3459 1032 3509 raro
1048 3434 1202 3517 molestis
1213 3434 1381 3541 injucun-

396 3554 525 3631 darum
545 3586 665 3634 rerum
692 3563 913 3661 imaginibus
942 3547 1083 3640 liberari
1106 3580 1142 3634 et
1167 3562 1214 3634 ad
1239 3582 1397 3660 gratam.

396 3679 507 3766 illam,
532 3683 767 3759 inhaerentem
808 3687 930 3759 animo
964 3686 1096 3774 nostro,
1126 3684 1381 3781 simplicitatis,

396 3805 582 3900 libertatis,
607 3832 642 3884 et
670 3816 873 3911 tranquillae
897 3813 1079 3887 felicitatis
1107 3813 1293 3887 notionem
1321 3825 1381 3886 're-

396 3931 514 4002 vocari
542 3937 675 4030 potest;
703 3961 775 4037 quo
803 3929 908 4035 paeto
937 3957 973 4011 et
998 3938 1237 4011 infecundum·
1258 3937 1380 4035 ingra-

296 4119 303 4126 .
393 4070 542 4149 tumque
558 4056 626 4129 hoc
642 4084 754 4155 genus
769 4062 830 4146 est,
854 4078 902 4149 et,
916 4063 1006 4135 dum
1023 4061 1060 4133 in
1077 4059 1278 4157 angustiore
1288 4082 1380 4156 gyro
1439 4111 1441 4116 -

394 4170 588 4265 coireetur,
621 4183 737 4253 multo
765 4202 886 4255 tamen
915 4183 1029 4281 magis
1055 4183 1199 4270 laboris,
1223 4181 1321 4270 artis,
1343 4196 1379 4251 et

395 4291 598 4384 subtilitatis
623 4304 783 4409 requirit.
835 4304 1001 4405 Qotum
1027 4306 1125 4379 enim
1142 4302 1376 4401 quodqueex

394 4420 598 4496 Sannazarii
611 4425 850 4523 idylliisearet
866 4431 910 4504 iis
921 4431 1031 4521 vitiis,
1042 4430 1172 4528 quibus
1181 4447 1257 4504 tota
1273 4424 1378 4532 hujus

1219 4546 1378 4648 po‘e‘tic'es
