3575 5509
779 576 964 717 [ml
1075 660 1080 667 .

395 1026 1367 1112 ·-.-—---÷···———-·—÷—---—-³²²
1429 1105 1431 1112 ,

595 1351 1019 1539 heroon
1102 1407 1188 1536 u·

677 1587 1071 1695 uAPHNIn

637 1857 1106 1901 Μ

579 2041 1284 2127 ARGUMENTUM.-

405 2197 693 2335 Convertuntur
717 2248 833 2328 Mopsus
853 2260 882 2305 et
900 2244 1052 2316 Menalcas,
1070 2247 1194 2325 pallores,
1216 2249 1263 2310 ille
1284 2254 1386 2330 fidula,

403 2368 449 2429 hic
461 2342 696 2426 canruexcellens,
712 2368 741 2413 et
759 2352 786 2412 se
805 2353 839 2416 ad
858 2350 1010 2411 canendum
1029 2365 1124 2410 mutuo
1141 2352 1258 2417 invitant
1279 2381 1382 2447 1-19‚
1425 2352 1427 2356 ’

403 2472 545 2549 Postquam
557 2463 606 2522 sub
617 2476 724 2518 antrum
734 2458 925 2525 concesserant,
937 2454 1013 2534 prior
1023 2452 1136 2533 Mopsus
1145 2448 1267 2540 zer—44„
1288 2465 1384 2545 Daph.
1510 2434 1513 2436 b

404 2571 479 2633 nidis
496 2582 609 2628 mortem
620 2563 716 2641 luget3
733 2563 798 2620 inde
817 2561 957 2646 Menalcas
974 2557 1118 2618 succedens
1134 2562 1249 2640 5'6-80
1264 2567 1384 2646 ejusdem

367 2703 370 2707 Δ
406 2668 562 2749 Daphnidis
577 2679 714 2741 tamquam
730 2661 784 2720 diis
802 2660 932 2739 adscripti
950 2661 1043 2719 laudet
1060 2660 1237 2740 persequitur.
1261 2666 1385 2735 ¹Mutus,

406 2774 472 2833 hinc
495 2769 545 2829 fibi
564 2764 719 2825 muneribus
738 2762 809 2821 datis
829 2761 985 2822 discedunt.
1023 2760 1114 2821 Etiam
1131 2764 1162 2822 in
1183 2765 1263 2845 hujus
1285 2774 1388 2853 eclogae

399 2876 539 2957 ,allegoria
556 2869 736 2948 exsculpenda
757 2868 860 2926 molesti
881 2868 958 2927 fuere
980 2866 1146 2946 interpretor.
1183 2870 1217 2927 In
1242 2872 1389 2951 Daphnide

408 2982 529 3061 plerique
540 2977 644 3055 Julium
655 2973 799 3041 Caesarem,
813 2970 922 3049 ejusque
936 2990 1029 3029 necem
1043 2985 1071 3030 et
1090 2973 1245 3049 apotheosin
1264 2978 1301 3048 (v.
1321 2977 1392 3036 Vita
1416 2973 1418 2976 ’

411 3080 528 3161 Virgilii
541 3079 576 3137 ad
589 3097 614 3136 a.
625 3080 707 3156 712),
719 3073 856 3143 nonnulli,
865 3074 924 3150 jam
936 3091 971 3131 cx
983 3071 1191 3149 antiquioribus,
1200 3074 1326 3135 Maronis
1336 3078 1392 3137 sra-

411 3202 479 3245 trem
493 3183 635 3247 Flaccum,
648 3197 713 3235 mox
723 3174 806 3234 etiam
818 3173 1002 3255 Qinllilium
1014 3174 1235 3239 Cremonensem,
1248 3175 1301 3236 five
1310 3180 1393 3241 etiam
1428 3206 1433 3214 “

412 3284 597 3371 Quinctilium
609 3282 726 3349 Varum,
746 3280 813 3339 item
830 3279 1001 3347 Saloninum,
1018 3279 1149 3339 Pollionis
1159 3280 1257 3350 filium,
1270 3284 1395 3361 quaefive·

414 3402 496 3454 runt3
516 3398 546 3443 ut
557 3383 663 3441 Catroei
675 3382 843 3460 aliorumque
856 3380 961 3440 somnia
972 3394 1085 3440 taceam.
1124 3382 1209 3461 Quod
1226 3387 1395 3463 fialtiorern,

415 3511 498 3570 quam
516 3490 658 3547 verborum
683 3486 754 3545 ratio
778 3487 840 3555 sert,
865 3485 1023 3554 sententiam
1048 3489 1220 3565 quaerendam
1245 3507 1333 3570 putes,
1359 3496 1397 3555 ad

417 3592 551 3653 Caesarem
564 3604 595 3649 ut
608 3589 715 3657 reseras,
726 3589 811 3648 seram
828 3590 954 3668 equidem
963 3614 972 3660 ;
992 3591 1212 3670 quandoquidem
1233 3596 1287 3655 hoc
1303 3597 1398 3661 saltem

417 3717 473 3755 non
485 3693 658 3754 incommode
666 3690 723 3750 fieri
732 3692 832 3769 potesl;
846 3692 920 3768 quod
930 3708 1021 3752 tamen
1033 3708 1115 3771 cogat
1125 3714 1185 3761 nos,
1199 3697 1270 3757 nihil
1279 3699 1344 3759 inest
1356 3700 1398 3774 ;li

416 3819 526 3860 carmen
539 3797 631 3856 animo
643 3796 678 3853 ab
689 3794 817 3873 opinione
835 3815 922 3855 vacuo
938 3810 967 3855 et
983 3796 1085 3855 intacto
1096 3796 1222 3877 legimus,
1241 3799 1311 3858 nihil
1323 3801 1401 3863 aliud
1444 3839 1448 3843 -

417 3910 500 3986 po'e'ta
512 3903 632 3984 speuaffe
644 3901 733 3961 videri
743 3902 838 3980 potest,
850 3922 932 3979 quam
945 3916 975 3960 ut
983 3900 1144 3961 Theocritei
1152 3902 1248 3978 ldyllii
1259 3904 1274 3961 Ι
1286 3919 1313 3964 et
1325 3904 1403 3964 XIX

419 4010 601 4071 imitationem
613 4009 771 4077 institueret,
782 4021 811 4067 et
823 4021 854 4066 ut
866 4007 971 4087 Ecloga
983 4008 1062 4067 tertia
1074 4008 1142 4068 duos
1154 4010 1268 4089 pallores
1279 4031 1296 4068 a
1307 4011 1403 4072 convi-

420 4111 473 4171 ciis
483 4113 519 4169 ad
529 4126 639 4171 cantum
650 4112 811 4190 progressos,
824 4110 863 4168 ita
873 4110 902 4168 h.
917 4110 950 4180 1.,
968 4103 1052 4189 idque
1068 4112 1160 4189 paullo
1175 4112 1336 4191 elegantius,
1347 4113 1405 4170 duo

421 4212 489 4271 alios
500 4215 611 4291 pastores
624 4232 640 4270 a
652 4212 752 4271 mutuis
764 4212 889 4271 laudibus
908 4213 944 4271 ad
962 4230 1058 4273 cantus
1076 4229 1210 4272 certamen
1228 4211 1406 4291 procedentes

400 4395 402 4400 γ
420 4313 569 4373 induceret.
607 4313 746 4373 Carminis
764 4329 954 4393 argumentum
972 4313 1034 4375 sunt
1050 4316 1194 4393 Daphnidis
1210 4315 1306 4381 laudes,
1326 4296 1407 4371 nobi-

422 4418 449 4477 le
461 4416 534 4477 haud
544 4414 628 4477 dubie
637 4416 667 4478 iu
675 4417 783 4480 vetustis
793 4415 959 4479 carminibus
969 4416 1115 4499 pastoritiis
1124 4431 1324 4499 argumentum,
1332 4428 1362 4473 ut
1372 4433 1407 4473 cx

1268 4513 1408 4577 nonnullis
