3575 5509
323 748 325 753 ¹
403 662 619 740 cxxxvm·
680 640 767 713 DE
815 639 1137 714 VIRGILII

870 843 952 915 1598.

437 941 471 996 P.
496 940 527 995 V.
550 938 592 997 M.
613 938 784 1017 Georgicorum
800 937 863 995 libri
868 938 886 993 I
888 939 914 992 V
921 942 1131 1013 enarrationibus,
1150 965 1207 1019 quet
1215 954 1382 1007 commentarii

397 1036 428 1084 in
437 1028 485 1085 loco
495 1029 540 1103 effe
547 1030 655 1104 pffent,
673 1027 795 1103 illustrati
808 1048 826 1081 a
844 1022 974 1083 Fedetico
985 1027 1090 1087 Ceruto
1104 1032 1242 1108 Veronenst.
1261 1030 1379 1091 Veronae

399 1135 446 1196 per
460 1115 534 1194 Ang.
548 1115 667 1172 Tamum
1246 1122 1274 1177 8.
1292 1126 1376 1200 1598.

435 1206 509 1267 Rob.
535 1204 610 1261 Titii
633 1206 672 1264 ad
700 1207 822 1284 Georgica
842 1206 920 1284 Virg.
942 1207 1110 1283 praeleiiioncs
1133 1225 1246 1289 quatuor.
1286 1210 1377 1269 Bono·

399 1295 452 1356 niae
462 1314 509 1373 per
521 1293 630 1353 heredes
644 1293 690 1370 Jo.
706 1292 791 1355 Roffii
1241 1318 1271 1379 4.
1288 1302 1374 1379 1598.

833 1429 843 1466 ¹
850 1428 919 1487 599·

436 1520 471 1576 P.
493 1518 524 1574 V.
547 1517 591 1573 Μ.
615 1518 702 1593 Opera
717 1538 749 1573 cx
765 1516 1008 1595 vetnstffirnoeoque
1031 1520 1207 1594 accuratssirno
1218 1519 1378 1581 Bibliotheca

399 1605 494 1665 Palae.
512 1606 575 1663 MS.
597 1604 735 1680 exemplari
747 1613 821 1661 nitori
825 1608 927 1682 pessino
939 1609 1066 1683 restituta,·
1085 1632 1139 1666 curn
1152 1610 1238 1668 Indice
1248 1607 1380 1686 Erythrai

397 1697 535 1752 -Addtra
566 1692 695 1771 Fulgentii
725 1692 874 1764 Planciaclis
905 1691 1051 1773 Virgilianae
1073 1698 1222 1753 continentia
1245 1722 1299 1754 curn
1321 1696 1379 1754 aliis

399 1781 523 1840 nonnullis
542 1784 580 1838 ad
598 1782 672 1861 brejas
686 1781 768 1857 poi‘tae
787 1779 975 1860 intelligentiam
991 1784 1134 1859 necrffieriis.
1173 1782 1197 1839 E
1215 1783 1379 1861 bibliopolio

398 1868 621 1927 Commeliniano
1250 1876 1276 1931 8.
1292 1890 1378 1948 1599.

438 1955 565 2035 Repetita
574 1956 612 2013 est
625 1956 711 2019 editio
724 1956 834 2025 exalia,
854 1967 915 2032 quae
933 1955 1102 2039 praecefferat,
1125 1961 1197 2033 1589
1210 1970 1238 2014 et
1254 1970 1347 2015 curata
1360 1976 1378 2014 a

397 2038 471 2118 tuda
485 2042 604 2107 Bonutio
618 2042 699 2101 Hier.
720 2041 887 2101 Commelini
902 2042 1004 2100 sororio
1017 2056 1045 2099 et
1064 2041 1193 2119 inscripta
1206 2042 1301 2106 Paullo
1314 2042 1379 2118 Me.

316 2146 318 2154 ·
400 2122 470 2187 litto.
511 2130 555 2187 De
568 2130 631 2189 cod.
649 2130 770 2189 Palatino
782 2127 845 2188 vide
858 2131 916 2207 sup.
937 2131 1007 2189 inter
1018 2130 1102 2201 codd.
1142 2127 1247 2192 Verum
1262 2130 1378 2211 Fulgen-

398 2216 454 2274 tius
476 2231 503 2273 et
524 2217 627 2293 reliqua
645 2217 693 2274 vix
720 2218 815 2274 iterum
839 2216 931 2278 recusa
953 2218 1025 2284 sunt,
1045 2217 1090 2275 sed
1116 2217 1280 2296 exemplaria
1304 2218 1378 2297 prio-
1476 2233 1478 2238 '

399 2304 436 2361 tis
455 2304 584 2361 editionis
596 2303 744 2380 subjuncia.
785 2306 886 2362 Saitem
901 2305 931 2361 in
950 2307 1039 2363 nostro
1050 2305 1198 2383 exemplari
1220 2304 1379 2383 Fulgentius

398 2411 424 2449 n.
443 2395 514 2469 1589
527 2394 644 2469 praefert.
684 2393 810 2470 Repetita
822 2394 858 2449 est
870 2394 927 2449 haec
938 2393 1025 2451 editio
1041 2396 1123 2469 1603.
1139 2398 1166 2451 8.

393 2478 395 2484 ’
436 2482 471 2537 Ρ.
501 2481 533 2535 V.
562 2482 605 2537 Μ.
632 2480 755 2539 Pei-‘rorata
775 2480 863 2536 Henr.
882 2481 1252 2558 Stephanischoliisillastrota
1265 2480 1376 2555 (Editio

397 2567 488 2635 tertia,
507 2566 632 2625 secundae>
643 2568 670 2644 [1
678 2570 712 2646 58
717 2568 748 2644 3]
765 2587 813 2646 per
826 2566 918 2625 omnia
928 2567 1102 2644 contimtum
1123 2568 1281 2627 Excudebat
1296 2568 1375 2627 Paul-

399 2655 441 2713 ius
454 2656 606 2732 Stephanus
624 2687 627 2692 ·
1250 2659 1277 2713 8.
1295 2676 1377 2736 1599·

438 2746 472 2802 P.
497 2748 530 2802 V.
556 2746 599 2802 M.
622 2746 708 2823 Opera
717 2746 807 2821 doiirff
830 2753 912 2801 viror.
935 2745 1096 2804 notoranibns
1108 2744 1234 2823 illistron
1245 2758 1318 2819 opera
1327 2747 1376 2820 Ja

397 2858 416 2891 u
425 2834 526 2911 Meyen.
541 2833 669 2891 Francos.
678 2853 711 2890 ex
723 2833 796 2889 offic.
809 2833 856 2907 Jo.
870 2829 961 2891 Saurii
1240 2834 1268 2890 8.
1285 2852 1296 2889 1
1302 2852 1372 2911 599.

436 2921 503 2978 Alia
514 2936 560 2979 aut
573 2922 668 2978 eadem
679 2920 747 2977 forte
760 2941 785 2975 a.
803 2939 873 2997 1597
888 2922 1023 2999 laudatar.

405 3019 410 3032 ¹
437 3007 605 3089 Symbolareenr
617 3008 678 3065 libri
689 3008 783 3063 XVII.
797 3007 882 3085 quibus
896 3009 930 3064 P.
959 3010 991 3063 V.
1016 3008 1060 3064 M.
1081 3008 1146 3064 Bac.
1169 3008 1216 3063 Ge.
1230 3023 1254 3063 et
1266 3009 1331 3065 AEti.
1344 3031 1378 3068 tx
1466 3060 1472 3071 ,

391 3097 521 3175 probatss:
547 3096 686 3154 auctoribus
705 3097 875 3163 declarantur,
888 3112 1073 3169 comparantur,
1088 3096 1245 3171 illrfirantur
1253 3113 1304 3173 per
1316 3098 1377 3174 JaC.

399 3183 548 3241 Pontanum
564 3186 593 3241 S.
609 3186 642 3259 J.
658 3184 733 3259 Aug.
749 3182 838 3238 Vind.
854 3202 887 3238 ex
899 3182 971 3239 offic.
984 3183 1028 3256 Jo.
1044 3182 1167 3239 Praetorii
1254 3184 1276 3243 f.
1295 3206 1379 3264 1599.

437 3272 488 3326 Eas
505 3271 584 3327 valde
601 3270 710 3347 probari
730 3269 829 3334 audi0;
850 3270 885 3325 eii
903 3289 1011 3345 quaque
1029 3270 1131 3345 odjelia
1149 3271 1313 3347 paraphrafis
1324 3273 1378 3333 iib.

396 3359 421 3416 Ι.
442 3358 481 3414 ΙΙ.
502 3358 546 3413 ΙΙΙ
563 3373 590 3414 et
605 3358 646 3424 X,
667 3357 724 3424 XI,
745 3351 804 3428 ΧΠ
817 3357 950 3427 AEneidis.
990 3358 1089 3445 ingens
1101 3358 1167 3433 libii
1180 3363 1318 3433 molesme
1330 3364 1379 3421 de·
1464 3422 1466 3425 .

397 3444 505 3512 terruit,
523 3463 579 3521 quo
592 3444 680 3501 minus
691 3463 724 3501 eo
737 3458 834 3501 uterer.

849 3568 931 3627 1600.
982 3626 985 3631 ,

435 3669 469 3737 P,
492 3669 520 3725 V
518 3668 584 3724 M
607 3670 694 3742 Opera
706 3684 731 3724 et
741 3676 766 3730 ia
779 3692 810 3726 ea
822 3669 916 3734 Mauri
926 3672 1013 3727 Servii
1024 3674 1147 3730 Honorati
1157 3673 1336 3737 Commentarii
1345 3697 1380 3732 ca·

395 3760 521 3833 aretiqaff.
544 3755 725 3833 exemplaribus
741 3755 812 3833 longe
831 3757 936 3815 meliores
957 3774 981 3814 et
998 3770 1127 3817 autiiores.
1169 3761 1213 3817 Ex
1233 3760 1381 3819 bibliotheca

398 3840 429 3910 P,
445 3842 566 3899 Danielis
579 3844 613 3915 7.
629 3844 661 3900 C.
695 3844 754 3900 Ace.
776 3842 853 3900 Fabii
863 3844 1018 3903 Planciadis
1034 3844 1174 3921 Fulgentii
1187 3846 1251 3903 liber
1261 3850 1291 3905 de
1303 3856 1380 3906 conti}
1399 3836 1402 3841 ’

396 3937 481 3999 uentia
496 3931 643 4009 Virgilianae
655 3942 771 3990 audiere
788 3933 852 3990 MS.
864 3936 918 3991 cod.
932 3953 956 3991 et
968 3935 1046 4009 Junii
1058 3935 1222 4012 Philargyrii
1237 3938 1332 3994 Comen.
1350 3945 1379 3992 in

327 4041 329 4048 '
396 4021 639 4096 Bue.etGeorgico.
682 4020 764 4078 Paris.
780 4022 840 4077 Seb.
857 4022 966 4079 Niveile
1253 4024 1377 4101 f.1600.

435 4106 606 4169 Nobiliffima
618 4106 705 4163 editio
717 4123 826 4183 propter
844 4109 931 4167 Servii
945 4112 1165 4177 commentarios,
1185 4095 1252 4188 quoi
1266 4111 1379 4188 sequen·

378 4213 436 4255 tes
448 4196 504 4254 fere
516 4196 579 4251 edd.
606 4194 669 4251 hinc
690 4197 845 4273 expressere,
859 4185 909 4252 'sed
930 4197 982 4253 alia
998 4198 1058 4253 aliis
1072 4201 1202 4258 vitiosius.
1224 4199 1378 4258 Historiam

396 4288 476 4355 Cocid.
491 4274 535 4343 P.
559 4282 675 4355 Danielis
693 4307 724 4340 v.
748 4294 774 4341 in
789 4284 885 4363 Vafage
903 4285 959 4343 litt.'⁴
981 4288 1011 4342 de
1032 4288 1098 4362 clcnx
1112 4290 1240 4347 Benedici.
1261 4286 1333 4346 Tora.
1348 4289 1368 4345 I
1366 4330 1378 4366 t
1424 4283 1430 4295 “

299 4422 300 4426 ,
391 4393 454 4462 pag.
469 4376 515 4452 65.

1234 4558 1379 4629 Editioneo
