3575 5509
417 663 463 733 o
535 647 614 735 nn
647 651 922 734 ernanus
956 652 1271 742 uuuonruo.

353 957 357 962 ¹
413 867 452 932 εἴ
485 856 619 948 hero'e's,
642 857 705 955 qui
732 858 770 929 in
796 880 837 929 ea
857 858 1040 948 vixissent,
1063 862 1256 955 exhiberet,
1280 851 1399 966 iisque

414 980 599 1055 sententias
616 1004 657 1052 ac
681 1004 796 1052 mores
813 1005 988 1079 congruos
1004 986 1188 1059 tribueret.
1224 990 1267 1063 ld
1279 1014 1395 1088 genus

409 1095 571 1190 ¹'invenire
588 1099 679 1176 mihi
695 1103 830 1192 videor,
856 1104 882 1175 fi
899 1106 1070 1197 Silenum,
1087 1112 1251 1208 eclogam
1274 1114 1340 1204 Vl,
1356 1133 1395 1189 et

403 1209 623 1314 ¹Pollionem,
639 1225 802 1322 eclogam
815 1227 877 1315 IV,
887 1230 1020 1326 cogito.
1032 1307 1034 1313 ,
1046 1231 1095 1305 Et
1111 1236 1156 1308 de
1169 1237 1231 1309 illo
1241 1237 1393 1335 quidem

414 1372 467 1421 res
479 1347 689 1431 ·manifesta';
714 1348 760 1419 de
787 1348 855 1421 hoc
877 1374 949 1421 non
967 1354 1080 1451 magis
1096 1357 1216 1446 dubia,
1232 1360 1258 1431 fi
1276 1360 1391 1435 facul.-
1440 1384 1442 1386 ¹

413 1455 524 1544 tatem
541 1471 640 1541 illam
656 1470 871 1545 vaticinandi
896 1491 932 1545 et
953 1475 1075 1571 poe'fin
1091 1480 1218 1554 afflatis
1243 1485 1314 1557 illis
1329 1484 1389 1560 dia

409 1600 496 1672 uino
513 1594 638 1693 spiritu
654 1594 860 1667 hominibus
882 1600 1063 1695 propriam
1080 1600 1126 1673 ad
1141 1602 1305 1702 antiquos
1321 1609 1391 1681 ho-

412 1723 526 1798 mines
541 1719 715 1817 pertinere
730 1720 948 1792 memineris.
998 1722 1109 1819 Qud
1130 1725 1276 1821 quidem
1301 1754 1390 1804 curn

410 1845 569 1919 novalset
600 1842 717 1930 Maro,
754 1844 989 1941 consequutus
1020 1847 1070 1917 est
1098 1847 1202 1921 fimul
1232 1850 1311 1940 hoc,
1344 1870 1387 1926 ut

410 1972 514 2070 epico
529 1968 680 2041 carmini
695 1968 842 2064 propius
852 1969 1055 2052 admoveret
1069 1971 1285 2062 bucolicum,
1299 1999 1387 2049 cum

410 2122 454 2170 ex
471 2096 586 2193 prisca
600 2096 749 2167 heroum
773 2095 845 2167 vita
868 2094 982 2168 sensus
999 2117 1033 2169 et
1055 2097 1242 2172 sententias
1259 2100 1388 2174 inferre

410 2219 555 2300 liceret;
582 2215 620 2288 id
637 2216 732 2313 quod
749 2216 899 2288 omnino
914 2242 985 2288 non
1010 2219 1120 2291 modo
1144 2220 1189 2292 ad
1215 2220 1387 2294 excusan.

408 2344 507 2429 dum,
532 2364 655 2413 verum
672 2357 707 2411 et
720 2338 958 2437 probandum,
983 2340 1144 2415 Maronis
1166 2341 1331 2439 spiritum
1347 2344 1388 2416 in

407 2465 575 2538 bucolico
605 2470 732 2561 genere
754 2464 868 2535 ualet.
934 2464 1047 2537 Aliud
1076 2491 1182 2563 porro
1215 2466 1388 2539 carminis

406 2588 591 2687 pastoritii,
616 2588 725 2660 modo
757 2605 898 2659 tantum
925 2588 1070 2677 variato,
1093 2615 1204 2688 genus
1229 2592 1279 2665 est
1299 2591 1385 2681 hoc,

406 2730 453 2803 ut,
471 2716 516 2785 ud
529 2716 676 2812 majorem
693 2715 863 2783 animorum
878 2714 1083 2808 voluptatem,
1100 2716 1311 2806 rem,fallum
1325 2728 1384 2787 aut-

406 2817 508 2935 cffum
524 2841 688 2933 nostrorum
704 2836 871 2921 hominum,
892 2838 1057 2928 nostrorum
1072 2852 1254 2933 tempomm,
1273 2840 1384 2909 colori-

404 2970 462 3040 bus
479 2980 510 3037 et
532 2964 705 3061 pigmentis
725 2963 834 3031 avita
850 2961 1020 3053 pastoritia
1032 2939 1149 3055 peritis
1168 2983 1322 3051 ornemus,
1345 2978 1383 3034 et

403 3117 475 3165 non
500 3092 608 3165 modo
636 3089 681 3164 ad
710 3087 840 3160 fabulae
872 3087 1050 3159 bucolicae
1078 3087 1228 3160 modurn
1252 3086 1382 3158 tralle-

402 3242 495 3305 mus,
519 3218 578 3288 sed
603 3216 712 3288 etiam
732 3214 769 3283 in
795 3210 951 3282 fabulam
967 3210 1060 3282 int'er
1074 3210 1227 3307 pastores
1242 3208 1383 3305 gestam

402 3355 678 3423 commutemus,
688 3333 868 3405 interdum
883 3333 1082 3430 etiamrem
1098 3334 1134 3404 in
1149 3331 1381 3427 antiquorum

400 3461 544 3533 illorum
560 3475 764 3553 temporum
790 3456 1017 3551 simplicitate
1045 3474 1081 3529 et
1109 3454 1294 3527 securitate
1317 3454 1381 3552 agi

399 3600 460 3655 aut
477 3578 615 3650 evenire
632 3580 817 3675 fingamus.
857 3577 967 3674 Cujus
983 3579 1133 3675 generis,
1145 3577 1241 3675 quod
1256 3578 1379 3672 priore
1496 3616 1498 3620 ·

397 3705 461 3777 illo
494 3703 614 3775 multis
649 3703 766 3774 modis
806 3699 951 3773 inferius
985 3701 1189 3773 habendum
1224 3700 1292 3788 est,
1309 3704 1379 3775 nec

396 3846 524 3901 tamen·
544 3826 603 3898 sua
629 3825 743 3913 laude,
768 3824 826 3895 sua
856 3821 971 3920 gratia
996 3847 1037 3895 ac
1065 3822 1244 3909 suavitate,
1267 3840 1380 3911 caret,

395 3952 544 4047 reliquae
561 3949 631 4023 fere
649 3951 794 4049 Virgilii
820 3949 903 4023 sunt
927 3951 1088 4046 eclogae„
1125 3948 1227 4047 Qid
1249 3945 1375 4021 enim?

392 4078 500 4173 prima
525 4093 560 4145 et
585 4101 663 4146 nona
690 4100 734 4146 an
765 4076 960 4171 quicquam
985 4071 1094 4159 aliud,
1119 4095 1228 4167 quam
1251 4070 1374 4168 poitae

394 4187 515 4273 calum
547 4219 581 4272 et
619 4200 901 4273 Mantuanorum
921 4198 1126 4285 lortunam,
1151 4214 1224 4284 aut,
1253 4194 1377 4267 fihoc'

396 4327 508 4426 magis
532 4308 668 4424 placet,
692 4326 839 4401 istorum
863 4343 959 4400 certe
990 4343 1198 4422 temporum
1223 4309 1377 4393 calami?

1258 4456 1373 4512 tatem
