3575 5509
446 738 521 807 440
568 656 932 788 numerum
982 709 1277 786 Minurus

451 914 552 1013 Ergo
568 916 668 989 omni
687 912 802 985 studio
819 914 974 1010 glaciem
990 914 1180 1010 ventosque
1196 910 1333 1001 nivalis,

449 1052 535 1152 Qu
552 1054 670 1126 minus
687 1051 736 1122 est
755 1051 826 1121 illis
844 1074 941 1122 eurae
958 1049 1117 1123 mortalis
1134 1050 1277 1146 egestae,

449 1173 629 1272 'Averten
654 1186 860 1285 vidiumque
877 1184 964 1257 feres
981 1204 1016 1258 et
1031 1186 1151 1283 virgea
1168 1187 1272 1260 laetus
1360 1204 1440 1278 320

449 1325 587 1401 Pabula
597 1362 608 1411 ς
630 1350 695 1399 nec
713 1343 788 1398 tota
805 1325 945 1397 claudes
963 1324 1099 1398 foenilia
1115 1324 1254 1396 bruma.

451 1463 504 1537 At
520 1485 616 1548 vero,
632 1456 806 1553 Zephyris
823 1480 936 1551 quum
953 1457 1035 1531 lae'ta
1051 1458 1260 1532 vocantibus
1285 1457 1389 1529 aestas

453 1596 498 1669 In
511 1596 616 1667 saltus
627 1610 819 1686 utrumque
832 1614 980 1687 gregem
996 1607 1100 1685 atque
1112 1592 1149 1662 in
1159 1590 1286 1688 pascua
1297 1591 1418 1665 mittet
1428 1585 1443 1661 ε’

453 1731 615 1807 Luciferi
629 1730 751 1826 primo
767 1751 852 1801 cum
868 1726 978 1798 fidere
995 1725 1125 1822 frigida
1141 1752 1221 1798 rura

490 1924 548 1986 318.
565 1934 634 1973 ventos
651 1926 777 1991 glaciemque
796 1921 906 1972 Parrhas.
931 1931 957 1969 et
979 1931 1056 1985 quart.
1081 1924 1171 1971 Moret.
1218 1926 1324 1988 veniosqroe
1350 1923 1440 1969 minatae

454 2002 551 2052 vratiss.
585 2001 914 2069 nivoſss'Venetus.—-319.
940 2001 991 2066 Quo
1009 2003 1075 2046 minor
1096 1999 1267 2064 antiquillirnua
1287 2013 1312 2050 et
1332 1999 1443 2064 optimur

450 2078 554 2142 quisque
566 2079 638 2127 Rom.
651 2077 739 2125 Medic.
750 2087 775 2124 et
790 2075 840 2133 alii,
855 2085 880 2123 et
890 2074 921 2123 iic
933 2091 988 2123 cum
1000 2075 1068 2125 Serv.
1082 2091 1108 2122 ac
1124 2076 1232 2142 Philarg.
1246 2078 1324 2141 major
1339 2091 1396 2141 pars
1410 2074 1441 2123 li-

383 2193 393 2209 .
454 2154 555 2203 brorum
567 2155 651 2204 Heius.
664 2166 688 2202 et
710 2152 821 2209 Martini,
839 2153 914 2201 etiam
933 2152 1008 2201 Goth.
1025 2163 1126 2216 uterque
1144 2170 1199 2202 curn
1215 2154 1281 2213 Erf.;
1298 2154 1359 2202 adde
1378 2152 1440 2201 edit.

452 2231 553 2296 Egnatii
563 2243 589 2280 et
599 2230 657 2279 aliae
663 2228 789 2278 nonnullas
805 2228 965 2293 antiquiorem
981 2229 1067 2276 eodem
1079 2229 1143 2278 fensu
1166 2248 1193 2278 ac
1213 2234 1264 2299 ἔξω
1279 2234 1363 2288 minus3
1379 2230 1440 2293 po'e'·

454 2308 505 2358 tica
525 2308 619 2356 ratione
633 2307 776 2355 adverbium
795 2306 823 2355 in
843 2305 970 2371 epitheton
992 2316 1034 2353 aut
1059 2306 1206 2369 adjeestivum
1234 2306 1324 2355 mutari
1346 2304 1443 2369 quoties

455 2385 508 2449 jam
519 2383 639 2432 vidimus!
656 2383 703 2430 Sed
714 2382 806 2431 afensu
818 2382 899 2431 versus
909 2381 979 2446 plane
990 2381 1132 2431 aberrabant
1149 2384 1230 2433 critici
1249 2400 1271 2432 v.
1291 2384 1350 2431 Not.
1360 2401 1367 2441 ς
1383 2382 1443 2436 hine

304 2513 307 2520 ,
406 2481 407 2486 ’
454 2469 517 2519 erat,
533 2459 598 2524 quod
617 2458 720 2507 alterum
736 2458 1023 2523 praeferebanr.-320.
1042 2462 1136 2508 Avertas
1157 2464 1254 2525 Menag.
1274 2460 1443 2509 ὤεα-,Λυκία

455 2537 521 2583 Ven.
551 2537 623 2597 largus
632 2533 736 2583 malebat
748 2538 787 2599 Jo.
802 2534 1051 2594 Schrader.-321.
1067 2536 1143 2581 claudis
1164 2534 1251 2584 Medio.
1295 2538 1377 2583 claudas
1388 2533 1443 2586 Erf.

448 2610 535 2673 setalia
551 2609 660 2659 Parthas.
673 2626 687 2658 a
698 2626 731 2658 m.
746 2624 906 2674 pr.—322·
921 2609 1077 2674 Legebatur:
1095 2614 1129 2657 Ar
1145 2630 1196 2658 vero
1215 2613 1318 2677 Zephyris
1333 2631 1377 2658 cun
1393 2614 1444 2661 lata

455 2687 572 2735 ouantibus
582 2688 653 2754 astas:
671 2688 699 2734 In
709 2690 779 2751 saltur
797 2697 904 2752 utrumque
916 2707 999 2752 gregem
1018 2699 1077 2751 atque
1094 2692 1116 2734 in
1127 2688 1206 2755 pascua
1224 2693 1301 2738 mitres.
1335 2690 1372 2737 Ita
1383 2704 1445 2737 vero

456 2765 519 2815 dura
535 2776 586 2813 erat
605 2764 735 2821 verborum
750 2765 873 2830 jundlura,
889 2782 945 2813 cum
961 2765 1120 2830 supplendum
1141 2765 1215 2815 elfet:
1233 2786 1295 2830 quum
1306 2768 1360 2815 leta
1373 2768 1446 2835 estas,

455 2839 507 2889 scil.
529 2840 584 2889 erit.
623 2840 732 2888 Obvium
750 2852 831 2889 tamen
849 2842 891 2900 est,
907 2841 955 2888 duo
969 2841 1050 2889 versus
1067 2855 1123 2901 322.
1141 2855 1189 2902 323
1211 2841 1400 2906 effessprotaiiru
1416 2854 1443 2892 et

457 2922 526 2984 urim
535 2931 560 2969 et
571 2919 688 2968 leniorem
702 2931 726 2973 et
737 2919 910 2985 elegantiorem
923 2919 1057 2969 orationem
1068 2919 1179 2977 efficere,·
1195 2922 1254 2987 astas
1265 2924 1338 2979 mittit,
1346 2936 1395 2984 qua
1405 2921 1446 2973 in·¹

455 2996 559 3061 cipiente
570 2997 711 3047 mittuntur.
744 2999 776 3046 Et
787 2997 818 3046 fic
830 2997 952 3046 Medieeue
963 3014 977 3045 a
988 3014 1023 3062 pr.
1037 3013 1069 3047 m.
1083 3008 1107 3045 et
1124 2997 1180 3046 libri
1193 2999 1256 3063 apud
1269 2998 1384 3046 Urfinum
1400 2998 1445 3046 ha-

457 3073 515 3123 bere
537 3085 712 3124 memorantur.
752 3074 841 3123 Caeteri
864 3090 955 3132 omnes,
971 3074 1045 3123 etiam
1075 3074 1162 3139 fragm
1186 3076 1266 3124 Varie.
1286 3091 1343 3123 curn
1363 3074 1445 3134 editis,

456 3154 532 3210 nites,
545 3167 624 3217 prono
633 3152 707 3215 lapsu.
741 3155 811 3199 mittas
831 3154 913 3201 Franc.
947 3152 1131 3215 Obeemperavit
1141 3152 1192 3215 jam
1214 3152 1322 3200 monenti
1334 3152 1443 3201 Bruock.

457 3229 490 3277 V.
515 3230 545 3277 C.
591 3233 613 3276 in
635 3240 690 3277 ante
704 3232 784 3295 pascua
807 3228 871 3278 abest
893 3214 1010 3280 Rottend.
1030 3229 1195 3290 alu—324.
1212 3232 1311 3293 Lucefiro
1331 3240 1381 3278 tres
1401 3245 1440 3296 ap.

412 3324 414 3327 ’
458 3305 545 3357 burm.

458 3485 526 3545 quos
547 3476 644 3524 matres
659 3467 780 3526 educunt
800 3486 830 3524 ac
849 3468 928 3525 redu·
1018 3487 1084 3546 322.
1110 3468 1195 3528 Refer
1219 3469 1254 3527 ad
1279 3489 1345 3549 295·
1376 3474 1444 3545 296·

461 3555 539 3601 cunt.
977 3545 1036 3605 vid.
1050 3545 1118 3604 Var.
1131 3546 1206 3604 Leei.
1245 3545 1446 3623 AEllateitaque

501 3626 568 3693 318.
583 3620 626 3677 Eo
639 3616 724 3697 magis
737 3619 834 3698 frigus,
854 3624 931 3699 cujus
977 3625 1106 3681 redeunte
1119 3643 1181 3681 oves
1192 3639 1220 3681 et
1238 3644 1269 3680 ca
1289 3644 1323 3681 rae
1340 3626 1370 3679 in
1384 3624 1445 3699 pas·

457 3695 717 3772 impatientissimum
742 3698 778 3754 est
806 3699 859 3756 hoc
883 3720 929 3776 pe-
977 3703 1029 3756 'cua
1060 3701 1220 3758 educuntur.
1286 3700 1345 3757 onf.
1376 3700 1446 3756 Cal-

460 3789 520 3838 cus,
549 3772 584 3827 ab
610 3792 643 3828 eo
669 3792 758 3831 arcere
782 3776 866 3844 stude,
903 3792 930 3834 et
976 3797 1056 3853 pum.
1079 3777 1182 3854 Eeloga
1201 3775 1390 3854 elegantiffima
1403 3777 1447 3845 V,

460 3848 531 3905 hanc
551 3848 577 3903 ei
597 3866 706 3923 operam
720 3850 857 3927 impende,
876 3873 930 3929 quo
982 3855 1104 3928 16-23,
1124 3854 1188 3912 ubi:
1216 3856 1253 3911 At
1273 3877 1347 3932 quum
1368 3854 1448 3933 longa

461 3923 553 3981 minus
563 3924 633 3980 illud
645 3924 674 3980 in
691 3928 794 3984 caeteris
805 3930 931 3987 omnibus
976 3932 1027 3988 dies
1039 3933 1151 4007 strientes
1170 3936 1268 4011 adseret
1288 3934 1372 4007 aestas,
1392 3932 1447 3988 Nec

462 3998 542 4059 rebus
554 4019 619 4057 cura
630 4000 878 4082 humanaindiget3
898 4011 930 4083 est
967 4014 1053 4086 fiaen‘r
1068 4018 1191 4067 variante
1200 4010 1242 4067 deo
1258 4007 1377 4065 mutabile
1394 4032 1447 4065 cae-

462 4080 553 4156 egestas
568 4075 607 4150 (h.
619 4078 713 4152 egent)
730 4103 798 4138 curae
809 4084 929 4141 mortalis.
976 4084 1048 4142 lum:
1059 4084 1207 4161 Jamfilvis
1218 4093 1334 4143 committe
1336 4107 1445 4163 greges,·

463 4173 531 4227 320·
554 4152 640 4210 Conf.
665 4154 799 4232 Calpurn.
822 4157 862 4225 V,
914 4164 932 4219 6
970 4166 1033 4237 jam
1052 4161 1147 4239 longius
1169 4162 1385 4237 herbasQaere‚·
1395 4162 1451 4234 sed

461 4229 522 4363 fgq·
558 4250 717 4309 llo-115.
755 4232 828 4292 loetus
860 4180 931 4293 redet
979 4242 1125 4295 antediem
1150 4255 1224 4314 pecus
1252 4253 1334 4314 exeat.
1376 4256 1446 4311 324·

462 4324 479 4361 a
511 4306 638 4373 studium,
657 4306 677 4363 sr
690 4307 750 4384 quis
761 4307 830 4366 facit
842 4332 933 4399 prom·
978 4313 1125 4390 Sequentia
1136 4334 1152 4371 e
1164 4314 1287 4372 Varrone
1300 4314 1337 4384 Β,
1352 4313 1390 4371 R.
1403 4313 1447 4380 11,

462 4397 502 4449 re,
522 4383 655 4446 iubentur.
696 4403 761 4459 32¹·
787 4385 824 4444 Et
846 4404 930 4446 mter·
980 4410 1007 4460 a,
1031 4409 1150 4449 ro-rz.
1163 4391 1273 4469 Repetit
1284 4390 1375 4449 versus
1386 4390 1446 4450 Co·

462 4458 529 4523 dum
550 4459 631 4517 etiam
643 4479 690 4537 per
705 4461 848 4523 hibernum
862 4481 929 4524 tem·
978 4468 1088 4524 lumella
1113 4468 1184 4534 Vll,
1204 4490 1232 4543 3,
1261 4489 1317 4543 233
1338 4466 1447 4524 senten-

462 4554 512 4616 pus
521 4535 625 4595 foenum
637 4537 672 4606 iis
682 4556 796 4617 appone.
977 4543 1044 4612 tiam
1062 4564 1126 4604 vero
1144 4564 1206 4604 eum
1227 4547 1316 4606 verbis
1339 4544 1446 4678 Pagae}
