3575 5509
660 425 671 460 l

399 619 542 729 txltrtri
652 644 738 728 DE
786 640 1114 727 VIRGILII

404 847 582 932 ¹473¹²1¹<³at
600 853 631 911 n
651 854 792 935 canina.
805 858 839 914 aa
856 856 916 915 u...
927 856 958 912 n
976 854 1005 912 u
1020 854 1128 930 rurore
1139 849 1171 914 n
1188 851 1214 924 r,
1232 840 1321 915 non.
1335 840 1379 926 n,

289 1012 292 1015 ⁴
399 954 428 1023 p.
446 951 492 1019 83.
511 946 649 1004 venditam
669 967 694 1005 a.
722 950 804 1024 1784.
828 945 906 1008 166l.
954 945 1123 1004 Varietatem
1141 944 1265 1005 leslionis
1288 966 1323 1005 ex
1345 957 1382 1005 ed

400 1034 526 1093 exhibuit
539 1037 679 1102 Maittnire
698 1037 727 1095 In
739 1036 827 1094 fronte
846 1035 914 1093 edit.
936 1034 1053 1114 Virgilii
1066 1035 1189 1094 Tonson.
1207 1057 1291 1116 1715,
1303 1037 1381 1095 unde

399 1122 430 1181 ln
441 1124 508 1185 Van.
522 1126 598 1185 Len.
610 1127 658 1185 sub
670 1126 780 1189 nomine
792 1146 886 1205 parum
906 1128 1041 1184 concinne
1053 1147 1069 1184 a
1084 1118 1237 1185 Burmanno
1252 1126 1381 1207 impofito

378 1243 382 1256 ¹
400 1216 475 1274 Venit
486 1220 535 1275 Ed.
550 1220 611 1275 Ven.
633 1217 795 1276 Hacendem
808 1217 930 1275 leilionis
943 1218 1069 1278 varietate
1079 1217 1140 1275 usus
1152 1216 1339 1296 Coningham.

440 1311 474 1367 P.
490 1313 523 1368 V.
538 1308 580 1368 M.
605 1313 691 1387 Opera
712 1310 863 1383 (Bucolica,
886 1308 992 1386 Georg.
1013 1323 1041 1368 et
1063 1308 1164 1367 AEneis'
1180 1329 1243 1367 cum
1265 1306 1382 1386 reliquis

401 1398 536 1479 opisculis
556 1415 586 1466 et=
599 1421 662 1457 cum
676 1398 806 1477 Priapeiis
823 1413 850 1458 et
865 1398 917 1459 lib.
936 1392 1009 1456 XIII
1022 1399 1101 1472 ΕΠ.)
1115 1398 1293 1476 Venetiisp'tr
1306 1401 1380 1457 Bar·

398 1490 554 1558 tholomaeunr
566 1493 745 1567 Cremonensem
1254 1489 1277 1549 s.
1294 1508 1380 1568 1472·

439 1582 484 1639 De
496 1581 654 1640 eaOrland.
676 1602 703 1656 p.
719 1601 765 1658 25.
784 1580 879 1637 Main.
897 1598 927 1659 p.
946 1599 1013 1657 314.
1034 1579 1159 1638 DeBure
1180 1601 1210 1641 n.
1223 1580 1310 1656 2663,
1329 1576 1379 1656 qui

399 1692 459 1732 earn
482 1674 511 1731 in
538 1673 707 1730 Bibliotheca
731 1671 819 1748 Regia
842 1671 924 1731 Paris.
944 1672 1041 1730 servari
1064 1674 1183 1740 testatur,
1207 1686 1239 1729 ut
1257 1671 1292 1728 fit·
1308 1670 1382 1728 sort!

268 1779 277 1792 ‘
399 1761 460 1832 illa,
479 1786 540 1844 quse
560 1765 589 1821 in
607 1763 743 1839 Catalogo
763 1762 811 1820 sub
824 1783 851 1822 n.
868 1769 919 1822 811
944 1777 1117 1821 memoratur.
1155 1764 1190 1821 In
1201 1761 1278 1820 XIX
1288 1760 1382 1829 soliis,
1403 1811 1405 1816 .

400 1874 462 1931 quae
474 1856 504 1912 in
517 1856 606 1913 fronte
621 1855 729 1932 praefixa
743 1852 814 1920 sunt,
834 1854 924 1911 tabula
936 1855 1082 1921 librorum.
1100 1845 1170 1911 Vita
1180 1851 1298 1932 Virgilii
1313 1868 1378 1909 cunr

279 2023 282 2030 ι
399 1947 517 2003 versrbus
531 1946 559 2003 in
576 1947 632 2021 ejus
645 1938 751 2001 laudem
771 1944 954 2021 praemittitur.
996 1944 1067 2025 Qae
1085 1945 1179 2003 omnia
1195 1943 1226 2002 in
1246 1944 1297 2002 hac
1317 1940 1378 2000 odi.
1451 1962 1457 1974 ·

399 2037 474 2095 tione
486 2034 761 2116 primummemorari
774 2036 955 2094 meminimus.

440 2132 474 2188 P.
501 2131 534 2185 V.
557 2129 599 2185 M.
624 2130 711 2204 Opera
736 2129 823 2204 (cum.
837 2127 973 2205 opusculis
997 2142 1025 2185 et
1040 2127 1186 2206 Priapeiis)
1202 2130 1261 2205 fine
1281 2125 1330 2186 Ioco
1352 2134 1379 2181 et

399 2223 495 2296 artpice
513 2218 675 2296 imprrffionis,
695 2216 744 2274 nifi
764 2216 838 2294 quod
863 2218 895 2276 B.
919 2218 959 2277 H.
983 2218 1155 2276 subnotatum
1174 2218 1223 2276 sub
1239 2218 1319 2276 finem
1331 2213 1379 2271 eds

401 2312 550 2370 Benedisins
572 2307 689 2366 Hercules
710 2307 739 2364 in
767 2306 801 2364 iis
822 2308 906 2366 latere
925 2308 1056 2377 creditur,
1077 2308 1262 2389 typographus
1283 2306 1379 2364 Ferraa

400 2400 499 2458 rieusrs.
539 2398 634 2475 Vulgo
655 2411 745 2454 tamen
766 2397 802 2455 ab
821 2400 886 2458 Ant.
905 2400 998 2458 Zaroro
1009 2397 1165 2457 Mediolani
1181 2398 1232 2455 else
1253 2396 1378 2455 conferta

398 2492 528 2551 creditur.
1252 2487 1277 2546 s.
1293 2505 1379 2566 147²·

441 2583 484 2639 De
500 2602 532 2639 ea
547 2579 661 2639 Orland.
675 2599 702 2657 p.
719 2585 786 2657 428.
806 2580 900 2638 Maitt.
915 2600 942 2658 p.
958 2602 1025 2655 320,
1044 2596 1071 2640 et
1089 2580 1219 2640 Bibliotn
1233 2575 1332 2638 Srnith.
1346 2600 1375 2657 p.

402 2672 442 2743 D,
451 2672 597 2731 secundum
612 2690 681 2749 quos
696 2671 730 2728 de
742 2671 847 2749 coegit
859 2673 894 2729 de
902 2674 972 2730 Rure
980 2692 1007 2729 n.
1023 2676 1108 2750 2664.
1133 2672 1217 2731 Extat
1230 2689 1339 2749 quoque
1346 2671 1377 2729 in

400 2764 488 2843 copiis
501 2763 656 2842 principum
670 2763 736 2820 edd.
752 2762 956 2821 Reviczltianis.
997 2764 1078 2822 Hanc
1098 2763 1258 2832 editionem,
1275 2762 1322 2820 sed
1335 2782 1379 2821 raa

400 2856 539 2923 riffimam,
560 2854 589 2911 in
612 2851 707 2931 primis
727 2874 790 2912 curn
812 2854 929 2931 vulgatis
948 2854 1100 2932 comparari
1118 2854 1226 2921 vellem,
1245 2852 1379 2931 quoniam

394 2953 447 3027 post
460 2948 601 3005 Romanam
623 2946 787 3025 Venernmque
798 2945 833 3003 ab
850 2950 906 3023 r'pfis
922 2957 1029 3024 propriis
1049 2947 1165 3005 Maronis
1184 2945 1381 3023 exemplaribus,

290 3086 300 3099 .
398 3058 456 3117 quae
467 3040 556 3097 Romae
568 3048 594 3095 in
612 3039 666 3095 aede
678 3037 749 3095 Divi
766 3038 858 3095 Paulli
867 3041 969 3115 repofita
978 3044 1053 3113 sunt,
1070 3047 1204 3119 integrum,
1212 3054 1307 3115 purum
1318 3042 1378 3097 mn·-

397 3133 502 3208 dumque
512 3127 620 3207 opus'hoc
631 3131 747 3206 cffluxffl
759 3127 787 3184 in
800 3127 996 3206 subscriptione
1007 3128 1116 3187 dicitur.

439 3218 623 3278 Discrevimus
637 3239 667 3275 ac
686 3218 857 3275 distinximus
876 3219 965 3295 plures
979 3219 1058 3296 hujus
1077 3219 1142 3277 anni
1159 3218 1296 3279 editiones
1311 3219 1377 3279 dili.

398 3310 517 3391 gentius,
537 3328 619 3385 quarn
632 3308 666 3365 ab
678 3308 738 3394 aliis
752 3309 853 3365 sidium
863 3323 930 3367 erat.
1347 3312 1349 3316 ’

436 3400 560 3459 Servium
583 3399 613 3455 in
635 3399 763 3456 Bucolica
779 3400 831 3456 hoc
855 3418 925 3456 anno
944 3400 1037 3457 laudat
1057 3400 1093 3457 de
1105 3398 1175 3459 Bure
1187 3400 1257 3459 Bdl.
1270 3404 1304 3459 du
1316 3402 1380 3462 Duc

396 3495 428 3550 de
448 3491 475 3547 la
497 3488 607 3546 Valsiere
627 3487 657 3547 P.
671 3489 696 3556 I,
709 3489 747 3549 T.
761 3489 802 3559 ll,
821 3510 849 3567 p.
871 3494 922 3569 87,-
939 3491 985 3549 sed
1003 3490 1173 3550 videturesse
1195 3491 1379 3571 fragmentum

397 3580 526 3640 editionis
540 3578 706 3658 integrioris.

851 3799 934 3859 ¹473·

433 3904 470 3962 P.
490 3904 523 3961 V.
541 3903 585 3975 M.
607 3906 692 3982 Opera
715 3911 791 3981 (curn
815 3907 972 3987 opusculis:
994 3908 1093 3969 Culic'e
1117 3913 1201 3987 eto),
1221 3909 1317 3981 Romae
1329 3928 1380 3991 per

397 3989 543 4090 Udalricum
559 3995 665 4054 Gallum
677 4014 701 4054 et
713 4002 833 4058 Simonem
846 4004 875 4059 de
887 3999 961 4061 luca
1252 4004 1377 4084 f.1473s

413 4093 414 4097 ’
436 4087 505 4144 Haec
526 4086 583 4161 jam
605 4087 699 4163 paullo
720 4088 888 4167 frequentior
910 4089 1092 4170 superioribus
1116 4094 1172 4152 ill-is
1192 4095 1291 4164 editio,
1310 4110 1378 4153 nota

394 4178 477 4237 etiam
491 4175 628 4234 Fabricio.
668 4177 877 4238 Memorateam
890 4184 948 4259 post
970 4182 1124 4241 Orlandum
1141 4183 1276 4244 Mnittair.
1290 4186 1328 4243 T.
1349 4185 1379 4253 Ι,
1474 4218 1477 4223 ·

394 4287 458 4347 pag.
474 4271 540 4341 326,
560 4266 595 4324 de
610 4268 678 4327 Bure
691 4269 814 4350 Bibliogr.
836 4276 906 4349 infir.
925 4293 952 4331 n.
969 4274 1057 4353 2665,
1071 4276 1148 4353 apud
1161 4274 1377 4354 quossubscrip-

394 4371 451 4415 tarn
465 4372 558 4415 notam
577 4358 691 4417 editoris
702 4360 767 4418 vide
776 4384 786 4428 3
805 4359 931 4438 Inprimis
944 4382 1008 4419 vero
1023 4363 1180 4424 Audiffredi
1193 4386 1222 4443 p.
1240 4386 1306 4445 137,
1325 4365 1377 4444 qui

393 4464 454 4506 enm
466 4454 566 4505 tertiam
579 4447 720 4509 Romanam
733 4452 848 4529 appellat
860 4451 919 4528 post
935 4451 1052 4529 primam
1066 4468 1094 4514 et
1106 4453 1250 4517 secundam
1263 4461 1336 4535 1469
1348 4471 1380 4517 et
1461 4534 1463 4537 Ι

1291 4567 1379 4629 ¹4l¹r
