3575 5509
524 679 535 692 ·
577 635 1090 761 Buconicmcu.
1133 671 1184 749 x.
1309 644 1377 774 lo7

397 868 463 933 Col.
489 872 543 931 fine
569 872 689 950 Collega
709 872 844 930 referenda
866 872 948 940 ellet;
978 868 1053 948 quod
1077 868 1135 928 fieri
1161 888 1218 928 non
1240 872 1375 948 potest,s1
1427 885 1429 888 ’

399 976 503 1055 Ecloga
515 978 571 1035 haec
583 974 680 1033 ultimo
697 975 759 1032 loco
782 973 880 1049 scripta
902 972 950 1041 est,
969 986 1000 1030 ut
1019 972 1108 1031 versus
1125 972 1228 1051 primus
1247 974 1378 1038 declarat.
1409 1041 1414 1046 .

396 1069 574 1148 Fontaninus,
592 1078 637 1136 vir
657 1078 739 1154 longe
757 1071 929 1143 douiffinus,
949 1073 979 1131 in
998 1074 1070 1134 Hist.
1083 1074 1138 1135 litt.
1152 1074 1278 1154 Aquilei,
1295 1097 1323 1155 p.
1339 1080 1376 1137 28

396 1181 509 1259 defuga
523 1179 641 1239 Antonii
654 1176 796 1256 intelligit,
815 1196 878 1234 cum
891 1176 928 1234 ad
947 1175 1087 1245 Mutinam
1100 1197 1154 1257 711
1169 1177 1255 1237 vinus
1267 1178 1297 1237 in
1307 1180 1379 1239 Gal·

395 1284 461 1343 liam
485 1269 643 1364 ulteriorem
667 1282 694 1340 se
718 1280 858 1357 reciperet,
875 1295 904 1338 et
926 1279 981 1355 M,
996 1279 1141 1340 AEmilium
1163 1280 1299 1361 Lepidum
1324 1282 1396 1342 libl'

394 1389 530 1471 jungerep.
565 1385 624 1469 ,Se-d
636 1400 668 1446 ut
686 1383 740 1443 alia
758 1402 794 1443 ne
811 1402 969 1451 memorem,
987 1399 1150 1463 nequetum
1167 1385 1318 1465 quidquam
1340 1388 1377 1445 ad

396 1489 526 1549 Rhenum
548 1490 660 1569 gestum,
680 1508 760 1568 quem
784 1504 913 1549 memorat
929 1493 1048 1570 po'e'tav.
1063 1510 1111 1571 45.
1149 1490 1297 1550 Enimvero
1318 1511 1377 1550 non

396 1592 448 1649 nisa
463 1612 534 1651 anno
548 1613 602 1672 7¹7
623 1590 662 1651 V.
676 1591 713 1650 C.
727 1590 846 1658 ineunte,
865 1591 911 1652 M.
935 1593 1071 1673 Agrippa,
1091 1591 1126 1653 L,
1149 1593 1272 1653 Caninio
1290 1591 1378 1652 Gallo

397 1692 485 1762 cols„
506 1693 539 1753 ab
552 1693 677 1773 Agrippa
695 1693 763 1754 cos.
782 1695 922 1754 ''exercitua-
940 1695 1081 1755 Romanus
1099 1695 1129 1753 in
1154 1695 1261 1755 Galliae
1280 1696 1377 1754 dullua

398 1793 523 1854 Rhenum
537 1796 691 1855 transiitrv.
707 1794 765 1854 Dio
778 1794 921 1866 XLVIII,
938 1816 964 1855 c.
983 1816 1031 1874 49.
1051 1796 1091 1855 cf.
1110 1795 1225 1856 Martio.
1244 1796 1280 1854 ad
1302 1796 1374 1859 hane

397 1894 495 1979 Eclog.
509 1914 536 1957 et
548 1900 628 1977 supra
642 1898 709 1956 Vita
723 1897 804 1977 Virg.
819 1898 854 1956 ad
872 1920 899 1957 a.
909 1920 994 1979 0¹7³
1013 1920 1078 1959 cum
1100 1920 1156 1977 quo
1174 1899 1294 1959 exercitu
1317 1901 1376 1978 Ly-

395 2002 468 2066 ooms
492 2000 608 2061 militem
627 1999 744 2077 aliquem
770 1999 846 2077 sequi
870 1999 971 2077 potuit,
991 2000 1181 2060 duminterea
1205 2000 1304 2059 Gallus
1325 2001 1375 2061 sub

397 2100 521 2178 Augusto
547 2098 582 2156 ad
607 2098 781 2177 Pompeianas
803 2098 890 2155 classes
919 2097 955 2157 ab
979 2099 1066 2157 Italiae
1090 2098 1228 2159 littoribus
1246 2099 1375 2158 arcendas

398 2201 430 2259 in
455 2200 626 2267 armisellet,
646 2199 745 2259 autin
766 2200 819 2258 alio
843 2201 1017 2278 expeditione
1037 2202 1192 2264 versaretur.
1230 2202 1273 2261 Ita
1295 2221 1376 2280 expe-

397 2287 459 2361 ‹lita
483 2302 519 2359 est
541 2300 670 2358 sententia
692 2300 836 2360 versuum:
864 2301 907 2361 Tu
926 2304 1015 2380 procul
1036 2328 1056 2362 a
1075 2302 1310 2380 patna-Alpinas
1339 2305 1375 2363 ab

396 2409 464 2467 dura
474 2415 545 2465 nives
565 2422 589 2463 et
594 2411 700 2485 frigora
718 2404 803 2464 Rheni
820 2404 868 2462 Me
876 2406 937 2481 fine
947 2405 1007 2481 fila
1025 2409 1110 2465 vides.
1131 2404 1184 2466 De·
1194 2427 1224 2466 V.
1243 2427 1285 2483 ‘44
1297 2408 1374 2477 Nunc

398 2514 499 2585 iffanus
520 2529 591 2567 amor
611 2508 672 2566 duri
690 2530 727 2565 me
750 2508 847 2565 Martis
864 2509 893 2565 ἰή
917 2516 995 2585 armis
1020 2507 1085 2568 Tela
1109 2516 1175 2566 inter
1202 2509 1283 2565 media
1299 2500 1376 2587 atque

398 2614 515 2686 adversos
523 2613 614 2668 deteret
625 2610 714 2697 hostan-
734 2610 769 2667 acl
789 2630 812 2668 e.
832 2610 852 2669 l.
873 2610 1026 2669 accuratius
1046 2612 1083 2670 est
1101 2609 1278 2689 disputatum.
1315 2608 1373 2687 Jos.

398 2714 519 2796 Scaliger
527 2716 600 2774 nhanc
612 2714 743 2793 Eclogam
758 2708 860 2776 Dorica
872 2715 987 2777 dialeflo
999 2714 1101 2776 versam
1112 2715 1247 2798 vulgavit.
