3575 5509
459 673 582 777 vrrn
607 693 648 769 u.
679 690 894 767 unsrun
921 675 1157 765 nunonis
1196 687 1378 763 cnm

399 892 549 970 parricidio
582 892 667 957 suerat
688 890 819 968 expiatus.
870 886 933 946 Alii
957 886 1083 965 Apollini
1105 886 1223 955 Nomio,
1255 881 1377 965 pastorali
1400 884 1439 943 86

397 975 503 1039 seilicet
535 980 600 1047 deo,
642 998 695 1055 qua
727 977 880 1053 tempestate
906 975 1020 1032 Admeti
1045 975 1127 1034 boves
1150 992 1267 1053 paverat.
1320 974 1377 1032 Alii
1401 982 1436 1062 87

400 1062 511 1136 Libero,
556 1067 747 1145 Nympharum
769 1064 885 1132 scilicet,
922 1076 949 1119 et
973 1063 1141 1139 Satyrorum,
1188 1078 1216 1123 et
1240 1065 1270 1121 id
1297 1084 1380 1141 genus

400 1153 536 1214 anninun
577 1151 708 1233 principi,
747 1151 845 1228 quibus
875 1149 964 1229 placet
990 1150 1116 1207 rusticum
1146 1153 1262 1214 'carmen
1322 1150 1381 1209 Alii
1401 1150 1438 1208 88

399 1236 541 1300 Mercurio
562 1238 718 1320 Daphnidis
737 1239 807 1317 patri
832 1239 964 1316 pallorum
988 1238 1112 1296 omnium
1122 1238 1252 1318 principi,
1272 1255 1298 1297 et
1310 1242 1379 1317 apud

400 1327 594 1399 Theocritum,
625 1343 653 1387 et
678 1328 749 1405 apud
775 1328 845 1384 hunc
871 1325 957 1405 ipsum
980 1332 1097 1403 po'e'tam.
1139 1329 1200 1386 Alii
1213 1329 1380 1387 inhonorem
1401 1327 1438 1403 89

401 1414 488 1475 Panos
510 1416 595 1475 scribi
618 1430 715 1495 putant
739 1412 911 1493 peculiariter
941 1413 1076 1491 pastoralis
1102 1416 1158 1484 dei,
1192 1417 1257 1474 item
1284 1415 1382 1486 Sileni,

401 1501 628 1581 Silvani,‚atque
654 1501 815 1560 Faunorum.
876 1501 947 1580 Qae
971 1521 1033 1559 cum
1058 1504 1152 1561 omnia
1179 1505 1316 1573 dicantur,
1347 1504 1380 1562 il·
1400 1522 1440 1582 90

400 1590 451 1647 lud
467 1590 519 1648 erit
532 1590 754 1669 probatiffimun'r,
774 1587 932 1647 Bucolicum
954 1608 1062 1648 carmen
1087 1591 1222 1669 originem
1246 1595 1384 1659 ducerea

400 1676 498 1755 priscis
510 1678 684 1757 temporibus,
704 1676 801 1754 quibus
822 1676 878 1734 vita
899 1676 1035 1753 pastoralis
1048 1680 1167 1737 exercita
1179 1695 1250 1750 erat3
1279 1680 1384 1740 etideo

402 1766 477 1823 velut
490 1766 561 1823 aurei
575 1765 664 1824 saeculi
678 1764 792 1843 speciem
815 1764 844 1821 in
866 1764 999 1841 ejusmodi
1023 1766 1195 1842 personarum
1215 1768 1387 1845 simplicitate

401 1853 548 1930 cognosci;
581 1868 608 1911 et
622 1854 720 1910 merito
733 1850 899 1927 Virgilium,
918 1852 1097 1927 processurum
1119 1854 1155 1910 ad
1177 1855 1231 1911 alia
1254 1855 1385 1927 carnrina,

402 1960 456 2005 uon
470 1942 579 2004 aliunde
591 1933 710 2019 coepisse,
731 1939 780 1996 nisi
798 1937 832 1994 ab
844 1958 876 1994 ea
889 1938 958 2004 vita,
977 1959 1037 2015 quae
1060 1939 1150 2017 prima
1170 1940 1200 1997 in
1222 1941 1300 1998 terris
1322 1942 1389 2001 suit.
1455 1934 1462 1940 ⁸

402 2026 478 2087 Nam
491 2032 579 2108 postea
594 2050 659 2088 tura
681 2030 765 2093 culta,
784 2042 811 2083 et
832 2026 865 2083 ad
878 2027 1039 2103 postremum
1057 2046 1107 2102 pro
1120 2027 1201 2084 cultis
1216 2042 1242 2083 et
1254 2029 1388 2087 feracibus

402 2120 483 2182 terris
494 2119 567 2175 bella
581 2117 718 2193 suscepta:
749 2115 822 2191 quod
835 2114 942 2171 videtur
954 2107 1093 2191 Virgilius
1106 2115 1136 2171 in
1148 2115 1206 2193 ipso
1217 2116 1313 2173 ordine
1324 2136 1388 2193 ope-

403 2223 465 2263 rum
479 2206 589 2263 suorum
600 2204 711 2262 voluisse
724 2203 877 2270 monstrare,
897 2221 959 2259 cum
972 2205 1083 2279 pastores
1091 2202 1193 2284 primo,
1205 2204 1305 2263 deinde
1314 2202 1387 2283 agri.

402 2293 490 2361 colas,
508 2293 592 2360 canit,
611 2308 638 2349 et
651 2293 685 2349 ad
697 2292 823 2349 ultimum
835 2289 985 2347 bellatores.
1045 2293 1047 2297 ’

444 2378 545 2437 ΧΧΙΙ.
586 2379 687 2447 Restat,
717 2396 758 2447 ut,
789 2398 848 2455 quae
879 2378 965 2437 caussa
989 2378 1154 2437 voluntatem
1174 2380 1297 2438 attulerit
1320 2386 1386 2457 pos.
1403 2408 1439 2468 9¹

404 2480 439 2526 tar
463 2466 593 2525 Bucolica
618 2466 783 2543 potissimum
809 2465 955 2531 scribendi,
987 2467 1189 2528 consideremus.
1231 2470 1288 2525 Aut
1310 2470 1385 2527 eninr

405 2556 550 2614 dulcedine
574 2555 702 2612 carminis
713 2554 860 2612 Theocriti
885 2568 912 2612 et
936 2553 1114 2613 admiratione
1133 2556 1190 2632 ejus
1215 2556 1385 2627 illeslusest3

406 2659 454 2707 aut
466 2643 590 2713 ordinem
611 2658 760 2720 temporum
783 2642 818 2699 est
840 2641 964 2720 sequutus
985 2661 1049 2719 erga
1070 2642 1156 2700 vitam
1178 2644 1335 2709 humanam,
1355 2651 1387 2701 ut

405 2731 486 2809 supra
509 2730 641 2802 diximus3
672 2744 718 2788 aut
741 2745 794 2787 tres
818 2732 913 2788 modos
932 2730 1127 2801 elocutionum,
1157 2752 1225 2809 quos
1247 2742 1387 2810 χαζακτῆ.

405 2845 453 2896 ςας
478 2818 571 2887 Graeci
598 2835 705 2884 vocant,
738 2820 837 2895 ἰσχνὸν,
875 2818 923 2895 qui
949 2820 1046 2887 tenuis,
1078 2820 1156 2896 ἁδρὸν,
1193 2821 1241 2897 qui
1271 2821 1387 2892 validus,

400 2897 490 2986 piru,
510 2906 557 2984 qui
582 2906 735 2967 moderatus
756 2906 927 2984 intelligitur.
976 2907 1119 2965 Credibile
1142 2923 1199 2965 erat
1223 2908 1386 2985 Virgilium,
1405 2945 1445 3002 9²

408 2996 499 3074 quiin
520 2995 597 3053 omni
614 3014 711 3070 genere
736 2995 914 3072 praevaluerir,
935 2996 1065 3053 Bucolica
1087 2997 1218 3074 primurn,
1249 2998 1389 3077 Georgica

410 3084 568 3147 secundum,
592 3082 716 3139 'AEneida
741 3082 849 3140 tertium
873 3083 985 3142 voluiffe
1010 3084 1208 3142 conscriberes
1243 3085 1302 3142 Aut
1325 3085 1388 3144 ideo
1405 3106 1443 3169 93

406 3172 496 3254 potius
513 3171 602 3249 primo
620 3170 747 3228 Bucolic'a
768 3171 881 3249 scripsit,
902 3186 932 3229 ut
955 3171 985 3228 in
1005 3172 1138 3249 ejusmodi
1156 3172 1287 3240 carmine,
1316 3174 1392 3250 quod

406 3274 436 3328 et
460 3259 551 3335 paullo
574 3257 697 3327 liberius,
742 3272 769 3315 et
805 3259 891 3337 magis
926 3260 1061 3326 validum,
1093 3281 1174 3337 quam
1204 3278 1311 3328 caetera,
1343 3264 1391 3327 est,

402 3346 568 3430 'facultatem
593 3345 701 3402 haberet
733 3348 873 3424 captandae
904 3349 1020 3407 Caesaris
1051 3350 1241 3428 indulgentia,
1283 3371 1391 3431 recupe„

407 3434 540 3509 randique
559 3432 628 3508 agri,
661 3452 741 3510 quem
765 3434 900 3498 amiserat.
939 3436 985 3493 Ob
1009 3436 1077 3495 hanc
1100 3439 1216 3506 caussam¹
1240 3438 1286 3496 die
1308 3441 1389 3500 tertio
1408 3455 1449 3516 94,

409 3523 510 3582 iduum
530 3522 691 3579 Martiarum
714 3523 750 3580 C.
764 3522 868 3581 Caesare
891 3525 1045 3593 interseslo,
1070 3548 1132 3585 cum
1153 3530 1304 3607 Augustum
1328 3532 1390 3588 Cas-

407 3612 493 3672 sarem
518 3629 591 3685 paene
613 3629 726 3686 puerum
751 3612 872 3669 veterani
896 3614 1007 3682 milites,
1049 3636 1103 3674 non
1126 3617 1258 3675 abnuente
1283 3619 1392 3685 Senatu.

408 3698 461 3772 fibi
483 3700 580 3765 ducem
610 3698 812 3769 constituissent,
842 3718 939 3759 exorto
964 3703 1036 3767 bello
1067 3703 1155 3771 cirili,
1190 3707 1414 3769 Cremonensesr'

442 3855 461 3918 b
472 3853 510 3903 86.
524 3854 574 3905 Arri.
587 3856 663 3903 Facile
673 3866 778 3921 apparet,
789 3861 876 3921 Gram-
927 3859 1019 3907 Gellius
1029 3863 1084 3917 Vll,
1095 3874 1124 3918 14
1133 3862 1209 3909 uberem
1221 3864 1309 3922 reddit,
1320 3881 1393 3927 quem

410 3920 510 3979 malicus
522 3920 571 3969 haec
584 3938 613 3968 ex
624 3922 651 3967 iis
662 3935 786 3984 poetarum
805 3923 877 3978 huco-
926 3925 987 3972 vide.
1040 3927 1135 3973 Servius
1154 3943 1188 3989 pr.
1208 3930 1344 3978 comment.
1365 3931 1392 3978 in

408 3984 511 4034 litorum
528 3985 586 4032 locis
602 3984 725 4048 collegisse,
742 3986 767 4033 in
785 3986 879 4050 quibus,
927 3989 1028 4037 Bucolic.
1043 3994 1204 4054 grandiloquum.
1246 3994 1284 4043 ef.
1305 3995 1393 4058 Cuper.

409 4050 507 4126 postico
526 4065 603 4106 more,
628 4052 700 4097 modo
724 4051 786 4098 hunc
804 4054 878 4100 modo
928 4053 992 4101 Obff.
1008 4057 1025 4112 l,
1039 4070 1100 4120 5pr.

408 4112 480 4161 ullum
492 4114 563 4161 deum
578 4110 658 4162 rerum
667 4114 806 4163 rusticarum
818 4133 878 4180 prae·
960 4119 979 4181 h·
990 4134 1028 4182 93.
1053 4131 1072 4167 er
1092 4124 1160 4186 magis
1181 4124 1291 4177 validum
1317 4123 1394 4172 humo

409 4176 485 4227 fidem
496 4178 628 4241 propitium
637 4178 679 4225 srbi
697 4178 741 4227 effe
758 4180 879 4239 volebant,
927 4199 994 4241 vero,
1008 4189 1073 4231 mimas
1084 4206 1107 4233 v.
1121 4184 1176 4232 vide
1187 4188 1206 4249 ἕ).
1220 4203 1259 4250 91.

410 4252 436 4290 et
464 4243 556 4293 inventi
580 4244 691 4291 carminis
711 4244 827 4308 honorem
848 4246 879 4310 ad
959 4252 1216 4314 quemamfiratobbanc
1232 4252 1325 4316 carffun.
1359 4250 1397 4297 lta

409 4321 467 4366 eum
479 4305 614 4355 referebant
625 4310 707 4371 po'e'tae.
929 4312 1157 4376 'ungesententIam
1204 4318 1263 4363 Sunt
1280 4325 1360 4363 autem
1372 4326 1397 4363 et

444 4370 463 4433 l.
476 4384 516 4433 90.
545 4376 615 4420 merito
638 4375 767 4437 Virgilium,¹
794 4374 879 4424 stolida
926 4331 1050 4443 haecadl.
1065 4379 1398 4443 97arscquioremanu,sorte

410 4434 517 4499 argutia!
553 4437 643 4484 Eadem
663 4449 743 4485 tamen
763 4438 836 4487 etiam
854 4440 880 4489 iu
929 4456 957 4488 cx
967 4445 1084 4504 Serviaurs
1094 4445 1232 4496 Comment-
1240 4460 1277 4509 pr.
1290 4444 1348 4509 §.11
1358 4444 1397 4491 in·

411 4499 530 4558 ¹Serviauis
541 4500 568 4547 iu
577 4516 613 4563 pr.
628 4502 728 4552 Bucolic.
743 4503 762 4565 i.
776 4516 813 4559 24
928 4506 998 4567 serta,

442 4564 465 4629 ,ἓ
476 4576 514 4633 91.
532 4564 598 4633 ἆδςόν,
612 4570 647 4644 qui
664 4569 753 4617 validus.
788 4566 881 4631 Meliur
1324 4634 1342 4706 ἱ

919 4664 922 4670 ,
1338 4671 1345 4686 ⁹
1358 4647 1399 4707 97⁴
