3575 5509
411 643 413 647 '
520 680 599 760 na
633 665 911 752 crunnus
943 651 1259 749 nuconrco
1334 694 1375 773 ις

396 881 619 983 fimplicitas‚
635 875 757 975 paullo
772 870 953 945 horridior
970 868 1059 943 forte
1075 870 1137 942 illa
1151 887 1187 944 et
1203 872 1380 963 incultior,

397 1011 515 1086 nostra
531 1003 712 1080 venustate
738 1017 774 1071 et
800 994 975 1093 elegantia
990 1012 1226 1091 temperetur;
1250 1021 1380 1093 quarn-

395 1155 508 1236 quam
521 1129 625 1228 prior
641 1124 702 1195 illa
728 1120 891 1219 ingenuis
909 1118 1038 1190 animis
1061 1116 1233 1215 majorem
1249 1119 1381 1216 volup-

395 1239 511 1345 tatem
527 1255 654 1328 afferre
671 1249 771 1322 solet.
807 1245 918 1345 Qae
941 1269 995 1318 res
1010 1245 1066 1317 vel
1093 1243 1171 1341 ipso
1196 1244 1381 1317 Theocriti

394 1402 435 1471 et
451 1382 597 1481 Virgilii
617 1375 785 1474 exemplo
808 1373 979 1446 declarari
998 1389 1034 1444 et
1060 1370 1287 1469 comprobari
1311 1392 1381 1466 po-

396 1506 476 1580 test.
529 1503 628 1589 Illius
649 1500 746 1573 enim
760 1521 871 1596 quam
893 1494 1091 1593 simplicior
1114 1511 1149 1565 et
1170 1492 1287 1564 verior
1311 1492 1382 1563 hu..

369 1701 381 1719 ‚
398 1604 618 1721 militarique
632 1619 836 1727 argumenti
853 1617 1163 1690 accommodatior
1189 1615 1240 1687 est
1264 1605 1380 1685 ratio!

400 1738 504 1845 hujus
521 1770 603 1829 vero
619 1762 752 1843 qua-nto
768 1741 963 1840 elegantior
975 1758 1012 1814 et
1027 1736 1203 1812 ornatior!
1230 1739 1299 1843 sed
1315 1738 1382 1811 ha.

398 1867 505 1957 bebat
531 1849 693 1967 uterque,
716 1866 814 1963 quod
842 1865 1064 1963 sequeretur3
1089 1886 1161 1934 non
1191 1863 1288 1940 enim
1315 1860 1381 1933 ab-

398 1992 590 2072 horrebant
605 1969 836 2071 'Graecomm
867 1988 1012 2087 ingenia
1041 2014 1062 2059 a
1088 1987 1315 2084 fimplicitate
1344 2003 1381 2059 et

400 2116 521 2197 nativa
547 2115 668 2211 aliqua
693 2111 935 2212 modestaque*
949 2112 1151 2196 venustate3
1178 2108 1286 2207 ipsrus
1310 2107 1383 2182 ser-

401 2237 518 2310 monis
534 2260 575 2322 ac
590 2236 733 2320 dialecli
748 2236 894 2340 Doricae
909 2253 1048 2324 natura,
1071 2257 1143 2309 non
1163 2232 1280 2330 potest
1295 2230 1383 2319 dici,

402 2358 525 2446 sentiri
543 2361 646 2436 facile
657 2355 783 2461 potest,
794 2382 967 2461 quantam
982 2361 1248 2464 simplicitatem
1256 2382 1333 2456 prae
1347 2355 1383 2430 se
1467 2453 1469 2457 ι

401 2483 502 2576 ferat,
525 2506 561 2560 et
586 2492 804 2587 quantopere
830 2489 914 2570 huic
942 2511 1061 2561 rerum
1087 2486 1209 2585 generi
1236 2504 1319 2583 apta
1343 2500 1383 2557 et

382 2611 530 2684 idonea
557 2612 610 2700 fit,
633 2632 674 2688 ut
705 2640 771 2689 nec
797 2616 902 2692 docla
927 2638 994 2717 nec
1022 2614 1156 2687 inculta
1178 2629 1213 2684 et
1238 2609 1382 2690 horrida

401 2733 516 2806 oratio
531 2732 586 2807 stt.
636 2736 690 2822 At
706 2725 879 2835 Virgilius
895 2738 1065 2811 sermonis
1081 2754 1117 2842 et
1138 2717 1279 2818 dialecti
1304 2735 1383 2808 sua-

399 2858 512 2931 vitate
526 2859 713 2947 destitutus
724 2863 753 2948 *,
764 2863 827 2958 qui
839 2862 1002 2959 politiore
1019 2886 1108 2949 aevo,
1115 2861 1207 2934 inter
1219 2862 1382 2935 homines

399 2981 552 3055 urbanos
568 3001 604 3058 et
627 2967 840 3092 elegantiam
858 3002 944 3060 curn
969 2986 1058 3059 fastu
1086 2986 1265 3073 sectantes,
1281 2988 1383 3072 vive-

399 3126 465 3198 ret,
488 3112 604 3184 multa
631 3135 675 3184 ex
697 3111 789 3184 vitae'
810 3113 1004 3209 pastoritiae
1030 3112 1179 3184 veritate
1204 3126 1264 3182 aut
1278 3107 1383 3206 sepo-

400 3239 482 3310 ne‘re
511 3252 573 3307 aut
600 3234 716 3308 verbis
747 3234 931 3311 honestare
950 3235 1101 3309 vnecesse
1131 3234 1268 3321 habuit,
1300 3255 1383 3330 quae

401 3356 495 3431 nude
520 3375 555 3430 et
582 3359 628 3431 ad
655 3361 706 3433 rei
736 3362 926 3445 veritatem
957 3362 1139 3460 proposita
1166 3377 1202 3434 et
1228 3360 1384 3458 expreffa

400 3474 565 3575 superbas
604 3481 850 3559 Romanorum
882 3511 985 3560 aures
1022 3486 1267 3570 offendiffent3
1301 3507 1384 3582 quae

402 3599 478 3701 ejus
494 3606 669 3705 elegantia
682 3611 783 3684 adeo
799 3613 838 3685 in
863 3613 966 3700 laude
984 3613 1063 3702 fuit,
1086 3629 1179 3687 utet
1209 3611 1384 3685 Horatius

401 3744 485 3800 eum
499 3728 544 3800 ab
561 3730 626 3803 hac
645 3732 730 3819 dote
746 3736 976 3809 commendet
992 3740 1037 3830 †:
1063 3738 1169 3809 Molle
1186 3754 1282 3835 atque
1284 3741 1385 3833 face-¹

400 3865 468 3925 tum
484 3854 619 3953 W‘rgilio
634 3876 814 3933 annuerunt
829 3866 1003 3958 gaudentes
1019 3890 1093 3938 rure
1110 3866 1272 3937 Camoenae.
1322 3860 1385 3934 nd
1459 3846 1495 3904 Ὗ

368 3970 553 4075 ·Eclogas
588 3983 686 4055 enirn
719 4002 755 4057 et
786 3984 967 4086 Georgica
1002 3988 1184 4086 respexiffe
1211 3988 1385 4063 Horatius

398 4093 513 4189 videri
528 4103 711 4201 debetput
727 4109 899 4208 scriptam
915 4113 981 4214 elle
997 4114 1130 4191 necesse
1151 4115 1194 4189 fit
1211 4116 1385 4211 satyram,

438 4289 456 4323 ⁴
477 4290 564 4393 RQ
585 4294 688 4389 Probus
712 4302 869 4365 Theocritum
914 4309 1017 4369 Latinis
1028 4308 1126 4385 difficilc
1128 4312 1219 4388 suffe,
1233 4316 1293 4386 quia
1300 4330 1355 4365 nece
1372 4334 1386 4366 e

395 4372 609 4468 Wamsacrlt'us
620 4395 658 4435 alt
670 4382 786 4441 Bucolica
785 4385 868 4461 scrip-
908 4392 947 4464 est
953 4403 1002 4463 per
1011 4392 1095 4445 eadem
1106 4388 1191 4445 verba
1208 4388 1386 4445 accommodare

389 4446 459 4539 fiffes
472 4471 532 4525 911111
543 4455 614 4528 apul
620 4457 804 4534 Graecosstrnro
815 4466 869 4537 ruff·
903 4468 1002 4543 sensus.

398 4530 805 4617 mmacwilidivurpotesu
818 4540 870 4610 ideo
890 4564 893 4572 =
950 4542 970 4602 t
990 4538 1087 4610 sar,
1102 4560 1149 4609 10,
1168 4540 1217 4618 46,
