3575 5509
446 695 575 748 cerm
695 645 1180 742 ARGUMENTA:

444 872 591 946 Perstore
603 869 735 940 secreto
752 864 907 936 violatur
924 861 1069 934 vulnere
1084 857 1159 943 teli,

443 996 575 1074 AEneas
592 988 705 1063 cauffa
719 988 798 1061 est.-
832 982 894 1057 llli'
908 983 1057 1076 Juturna
1072 977 1219 1076 neganti
1380 998 1432 1075 70

444 1116 575 1190 Adfuit
590 1113 769 1210 obsequio,
795 1133 909 1205 quum
927 1131 1021 1179 mors
1039 1104 1203 1176 finiverat
1216 1100 1320 1174 iram.
1380 1115 1384 1121 “

447 1239 515 1311 Sed
532 1238 592 1311 sua
608 1235 680 1310 fata
696 1234 815 1307 virum
831 1247 1013 1305 traxerunt
1027 1248 1185 1324 quaerere
1203 1240 1372 1298 mortem.

673 1513 676 1520 ·
902 1457 1015 1539 XIII.

471 1610 511 1679 Iu
528 1604 692 1679 AEneidem
710 1600 903 1692 Monosticha
921 1596 1061 1679 Bafilii3
1088 1596 1181 1668 male
1201 1592 1299 1692 apud
1314 1592 1402 1666 alios

607 1709 610 1716 “
734 1732 870 1804 onan.
888 1731 967 1803 rna
987 1718 1054 1825 ap.
1074 1750 1153 1826 190.

450 1836 590 1943 Primus
601 1870 717 1955 habet,
729 1867 904 1961 Libycam
917 1866 1055 1940 veniant
1067 1886 1106 1939 ut
1119 1851 1231 1939 Troe‘s
1244 1867 1280 1939 in
1290 1864 1429 1938 urbem.

450 1991 590 2063 Edocet
608 1990 789 2062 excidium
807 1987 940 2086 Trojae,
965 1987 1173 2085 clademque
1190 1988 1374 2062 secundus.
1497 1996 1503 2023 ¹

336 2146 348 2164 κ
440 2117 594 2187 ¹Tertius
611 2142 631 2187 a
650 2112 760 2213 Troja
774 2114 892 2186 vettos
910 2113 1006 2186 canit
1024 2138 1165 2209 aequore
1183 2114 1355 2206 Teucros.

452 2238 714 2336 Qartuseitem
732 2237 870 2310 miserae
885 2238 957 2310 duo
974 2238 1118 2309 vulnera
1130 2255 1248 2310 narrat
1262 2224 1385 2309 Elisa.

453 2358 624 2430 Manibus
635 2360 680 2429 ad
691 2359 870 2430 tumulum
880 2359 1007 2460 quinto
1016 2358 1239 2431 celebrantur
1246 2358 1406 2429 honores.
1411 2375 1432 2453 ς

453 2482 606 2554 AEneam
623 2502 797 2554 memorat
813 2480 986 2553 visentem
1004 2481 1154 2555 Tartara
1164 2483 1291 2565 sextus,

456 2608 499 2678 In
514 2608 672 2703 Phrygas
690 2608 832 2679 Italiam
849 2609 945 2681 bello
955 2607 1035 2706 jam
1052 2606 1222 2707 septimus
1236 2624 1364 2681 armat.

360 2726 367 2730 ’
456 2732 529 2803 Dat
545 2730 648 2801 srrnul
665 2728 790 2801 AEneae
803 2731 915 2803 socios
931 2733 1074 2806 ottavus
1092 2751 1127 2805 et
1143 2758 1253 2806 arma.

455 2854 616 2928 Daunius
634 2872 815 2950 expugnat
832 2879 926 2927 nono
943 2878 1035 2927 nova
1051 2856 1188 2927 moenia
1203 2852 1338 2952 Trojae.

456 2977 616 3074 Exponit
631 2977 792 3051 decimus
808 2976 1009 3052 Tuscorum
1024 2979 1063 3049 in
1078 2969 1199 3051 littore
1213 3003 1364 3077 pugnas,
1392 2996 1439 3050 10

458 3100 665 3172 Undecimo
683 3100 807 3173 Rutuli
824 3100 1029 3197 superantur
1045 3118 1161 3181 morte
1179 3101 1356 3175 Camillae·

459 3225 621 3297 Ultimus
639 3224 794 3320 imponit
812 3225 907 3295 bello
923 3224 1038 3295 Turni
1054 3249 1140 3296 nece
1156 3224 1280 3299 finem.

900 3426 1011 3508 XIV.

422 3541 427 3550 ⁸
461 3556 681 3629 Tetrasticha
692 3558 856 3629 inomnia
867 3559 1153 3659 VirgiliiOpera.
1179 3565 1269 3642 ibid.
1281 3569 1353 3670 Ep.
1371 3594 1437 3670 193

445 3768 449 3775 ,
508 3684 669 3777 primum
683 3682 820 3777 integra
836 3683 952 3766 edita3
966 3708 1051 3757 cum
1063 3706 1166 3763 antea
1180 3715 1252 3763 non
1264 3692 1332 3766 vnisr
1348 3720 1439 3794 qua·

509 3821 590 3875 tuor
602 3802 712 3900 primi
726 3804 843 3877 versus
860 3807 1062 3902 legerentur
1071 3810 1246 3912 inseripti.

549 3973 590 4042 In
614 3972 763 4044 Bucolica
789 3976 1009 4069 Fragmentum
1034 4001 1074 4049 ex
1098 3985 1229 4075 quodam
1253 3982 1370 4063 Poma

463 4093 608 4190 Tityrus
625 4094 759 4191 agresti,
767 4095 969 4171 modulatus
986 4122 1129 4173 carmen
1145 4125 1254 4176 avena
1260 4138 1273 4188 ς

503 4326 562 4391 7et
576 4317 592 4372 8
606 4313 696 4395 inepte
706 4320 806 4397 adjetti·
816 4320 866 4379 effe
886 4322 1024 4383 videntur.
1064 4328 1224 4407 Speflantf.
1249 4328 1365 4393 adAEu·
1388 4332 1443 4407 lib.

462 4400 494 4462 11
505 4419 533 4467 et
545 4406 599 4475 ΙΙΙ.
610 4428 637 4472 v.
650 4407 753 4475 Donat.
766 4412 829 4477 vit.
844 4412 926 4496 Virg.
941 4415 966 4497 §.
979 4418 1028 4485 60.
1471 4425 1474 4431 ’

1232 4509 1444 4590 Formosum
