3575 5509
574 684 912 776 nucoutcn,
939 678 1094 762 'nea
1137 688 1201 763 vr.
1308 709 1381 789 ¹09-

396 890 459 930 cunr
473 866 610 929 Martinus
624 887 656 926 ae
669 866 826 930 wartonus,
846 862 896 940 qui
918 860 1032 938 anglicis
1047 860 1164 920 versibus
1183 859 1300 941 Eclogas
1317 864 1379 923 red,

396 970 482 1038 didit,
501 970 672 1048 fiquaeritur,
693 964 819 1045 quorsum
831 962 948 1041 physicis
964 960 1070 1039 placitis
1086 961 1185 1021 sabulae
1203 962 1257 1022 istae
1268 982 1285 1022 a
1297 985 1324 1023 v.
1338 985 1376 1042 43

397 1073 455 1153 sqq.
482 1072 605 1151 subjesiae
631 1072 693 1140 fint,
718 1068 852 1126 rationem
877 1063 1121 1123 comminiscuntur
1144 1064 1205 1123 satis
1229 1064 1353 1125 subtilem
1365 1090 1377 1137 ς

397 1175 470 1235 tradi
482 1175 585 1235 scilicet
597 1194 654 1233 non
666 1172 754 1231 minus
776 1168 907 1227 moralem
920 1186 1000 1244 quam
1013 1166 1162 1224 naturalem
1181 1165 1377 1245 Epicureorum

398 1278 609 1358 philosophiam,
629 1295 683 1353 qua
705 1287 894 1332 revocarentur
913 1269 1038 1347 inprimis
1049 1290 1065 1329 a
1077 1270 1273 1348 cupiditatibus
1285 1288 1313 1332 et
1324 1274 1378 1334 inr-

399 1380 548 1441 moderatis
561 1378 646 1437 animi
657 1374 907 1456 perturbationibus
919 1370 1058 1443 homines;
1078 1373 1135 1431 haec
1157 1388 1246 1432 autem
1262 1395 1379 1455 pracep-
1471 1453 1473 1459 Ι

400 1499 441 1552 ta,
460 1498 492 1540 ut
516 1481 626 1539 decebat
658 1485 779 1558 postam,
798 1478 915 1555 expressa
935 1478 985 1535 eise
1008 1476 1108 1566 sabulis
1127 1480 1162 1562 de
1176 1480 1264 1564 ‘turpi
1287 1499 1379 1543 amore

403 1581 533 1643 Herculis
544 1598 572 1643 et
585 1583 733 1662 Pafipha‘e's,
752 1582 788 1642 de
798 1576 924 1659 superbia
937 1565 1099 1649 Pioe'ticlrn,
1110 1577 1226 1645 avaritia
1244 1585 1381 1646 Atalanta

400 1704 429 1749 et
441 1688 590 1747 immodico
602 1690 674 1747 lustu
688 1687 933 1747 Phaethontiadum
944 1686 1075 1745 sororum.
1105 1688 1159 1745 Sed
1171 1688 1323 1768 Virgilium
1335 1714 1382 1757 ω

402 1808 506 1854 tantum
519 1792 624 1852 fabulas
643 1794 785 1871 sequutum
806 1792 855 1850 effe
874 1804 995 1870 apparet,
1014 1811 1073 1869 quae
1092 1805 1120 1849 et
1139 1792 1382 1871 frequentatillimae
1433 1779 1437 1796 ι
1537 1769 1541 1779 i

401 1896 432 1958 in
443 1914 563 1957 veterum
581 1897 747 1955 carminibus
765 1896 857 1963 essent,
870 1909 899 1953 er
910 1909 1033 1954 ornatum
1044 1899 1185 1974 posticum
1197 1900 1321 1979 inprimis
1330 1905 1392 1964 ad·v

403 1998 550 2058 mitterent.
588 1996 684 2074 Itaque
697 1995 761 2052 alias
772 1993 898 2052 disertius
916 1996 1040 2072 exponit,
1060 1996 1174 2056 aliarum
1194 2019 1249 2059 nou
1269 2004 1319 2062 niti
1336 2024 1382 2065 ar·

404 2115 533 2178 gumruta
545 2113 749 2184 commemorat,
768 2113 795 2157 et
808 2098 980 2157 delesiationi
997 2100 1065 2157 adeo
1085 2100 1181 2167 studet,
1201 2119 1232 2160 ut
1249 2103 1390 2169 interna,

406 2202 494 2281 tiquas
515 2202 575 2261 illas
594 2200 700 2260 fabulas
720 2200 798 2258 Galli
819 2200 861 2259 soi
879 2200 1033 2260 meminerit
1039 2227 1048 2273 ς
1069 2203 1132 2262 loco
1154 2201 1251 2283 parum
1271 2207 1383 2281 idonem

387 2366 388 2371 χ
406 2305 456 2365 nist
470 2306 557 2365 versus
568 2306 738 2384 transponere
748 2304 901 2386 placuerit:
921 2303 1020 2383 quade
1032 2324 1062 2363 re
1073 2326 1100 2364 v.
1112 2305 1166 2378 ins.
1176 2308 1211 2365 ad
1225 2308 1272 2385 64.
1314 2310 1384 2383 Fors.

376 2443 382 2454 κ
407 2429 479 2469 marn
492 2423 520 2469 et
532 2410 650 2469 colorem
659 2409 693 2468 ab
706 2411 757 2469 hoc
769 2408 890 2468 carmine
901 2408 1018 2467 ducebat
1031 2407 1167 2467 Gesnerus
1177 2410 1385 2489 elegantiffimm
1411 2476 1413 2479 Α

407 2520 500 2592 posta,
528 2503 604 2570 cunr¹
617 2511 778 2571 Cantharam
786 2520 908 2593 ,fractum
932 2511 1069 2581 scriberet,
1096 2511 1142 2571 sed
1165 2514 1299 2577 nollemus
1322 2538 1386 2591 eum

407 2612 535 2673 carminis
556 2599 717 2692 gravitatem
742 2612 778 2671 ad
792 2607 863 2673 ”rem
890 2612 1046 2673 levishmam
1068 2614 1221 2690 deflexisse3
1250 2640 1306 2698 quo
1325 2622 1385 2702 ipso

408 2717 498 2778 omnis
510 2715 657 2795 voluptatis
669 2716 1001 2795 frustusinterceptusest.
1107 2759 1109 2762 -
1284 2714 1289 2725 ’

448 2818 583 2876 Caeterum
596 2816 672 2876 Varo
684 2817 843 2906 inscriptum
853 2821 889 2878 est
901 2839 1008 2879 carmen
1020 2841 1027 2879 a
1047 2824 1082 2882 de
1092 2844 1148 2903 quo
1158 2782 1216 2884 vid.
1225 2793 1339 2891 Eucurs
1348 2830 1386 2891 ad

410 2924 480 2984 banc
493 2923 553 2982 Ecl.
593 2912 723 2980 Fabulam
737 2923 772 2980 de
784 2923 896 2983 recitata
911 2925 963 2983 hac
985 2926 1089 3005 Ecloga
1104 2949 1121 2986 a
1139 2930 1292 3006 Cytheride
1302 2934 1388 2998 mima

408 3042 438 3087 et
457 3028 602 3090 Ciceronis
625 3028 791 3092 exultatione
813 3030 871 3092 vid‘.
891 3029 925 3100 iti
947 3030 1149 3094 Pseudodonati
1171 3033 1240 3096 Vita
1255 3035 1341 3119 Virga
1364 3039 1388 3110 s.
1413 3027 1417 3033 ’

276 3144 279 3154 ’
407 3151 457 3211 4¹·
