3575 5509
582 684 982 780 onouctcou,
1021 690 1136 766 tto.
1177 694 1243 767 rv.
1326 716 1394 793 too

411 934 475 1011 Est
492 934 530 1006 in
548 931 744 1028 Carpathio
761 924 925 1028 Neptuni
941 934 1085 1030 gurgite
1101 954 1197 1009 vates

405 1069 590 1148 Caeruleus
609 1068 767 1156 Proteus,
784 1093 961 1189 magnum
974 1070 1036 1166 qui
1053 1069 1212 1167 piscibus
1230 1099 1355 1172 aequor

439 1274 495 1335 388.
512 1276 550 1342 qui
560 1273 653 1343 poffihut
671 1271 769 1322 zolieh.
798 1270 890 1341 pffcibur
913 1270 986 1321 nlmis
999 1282 1072 1322 tenue
1095 1282 1120 1321 et
1143 1266 1204 1322 exile
1226 1273 1272 1323 ess'e
1288 1275 1394 1331 ridetur.
1432 1271 1445 1291 ¹

403 1342 494 1409 Miror,
509 1348 642 1408 Heinfium,
656 1348 698 1413 qui
708 1348 780 1397 toties
786 1350 861 1417 posto-es
873 1347 913 1395 vel
920 1349 1014 1415 pistrices
1025 1350 1128 1409 induxit,
1139 1350 1164 1399 h.
1176 1350 1193 1400 1.
1204 1366 1253 1402 nou
1263 1352 1329 1403 idem
1338 1364 1393 1404 ten.
1506 1356 1509 1363 “

403 1425 471 1497 laisei
504 1424 594 1476 Saltem
601 1425 698 1492 praestat
705 1426 805 1496 pssribos
816 1424 973 1520 velprijirbus.

402 1589 506 1660 suadet,
532 1611 566 1651 ex
584 1612 640 1671 quo
663 1591 871 1671 reparandorum
921 1590 988 1648 Vol.
1003 1590 1088 1658 VIII,
1110 1595 1181 1652 inter
1201 1593 1393 1673 Antiquiores,

403 1669 558 1729 examinum
571 1669 703 1729 rati0nem
713 1669 871 1746 comperiat.
921 1668 1053 1746 etProgr.
1068 1669 1102 1727 de
1111 1670 1166 1729 litt.
1180 1685 1207 1729 et
1219 1687 1270 1730 art.
1283 1676 1393 1737 condit.

372 1768 373 1773 ¹
444 1751 509 1827 387.
530 1748 638 1805 Loeum
663 1748 736 1805 hunc
757 1765 791 1803 ex
814 1745 873 1803 Od.
922 1745 952 1803 in
979 1746 1046 1807 Vol.
1067 1747 1108 1816 Π,
1127 1748 1230 1826 Opusc.
1257 1771 1285 1828 p.
1310 1758 1391 1831 299),

401 1822 427 1891 δ,
442 1825 595 1903 364-384
607 1825 664 1903 sqq.
683 1821 882 1884 adumbratum.
921 1822 1058 1881 Caeterum
1070 1824 1117 1881 illa
1129 1827 1249 1884 narratio
1261 1829 1297 1885 de
1308 1829 1391 1890 variis

402 1900 465 1968 eise,
478 1921 571 1960 omnes
589 1902 717 1958 viderunt
737 1899 872 1979 Interpp.,
921 1900 1030 1969 formis,
1041 1900 1071 1957 in
1082 1920 1147 1978 quas
1159 1903 1187 1960 le
1197 1904 1392 1966 transmutabat

400 1978 462 2044 ubi,
473 1979 634 2038 monstrante
642 1975 767 2045 Idothea,
777 1975 873 2035 Mene·
921 1978 1034 2046 Proteus,
1043 1991 1071 2036 et
1079 1979 1151 2056 apud
1162 1980 1241 2048 alios,
1252 1996 1282 2038 ut
1293 1982 1391 2042 Phere-

400 2056 460 2115 laus
485 2064 512 2113 in
537 2055 625 2114 Pharo
636 2052 752 2131 AEgypti
773 2054 871 2125 insula,
919 2054 1018 2131 rydem
1043 2055 1148 2133 (SchoI.
1167 2059 1194 2114 A
1231 2058 1310 2117 nonii
1333 2060 1390 2135 IV,

399 2131 497 2189 eodem
521 2131 604 2189 modo
627 2130 722 2188 Protea
745 2133 871 2210 aggredi·
923 2132 1007 2209 1396.
1034 2131 1111 2193 conf.
1134 2077 1266 2212 Apolbd.
1291 2134 1332 2204 ΙΙ,
1359 2159 1390 2215 5,

401 2221 458 2277 tur,
470 2226 597 2287 excoque
608 2207 870 2285 redituainpatriam
924 2211 990 2281 11'),
1012 2212 1118 2279 Nereia,
1143 2210 1185 2269 ori
1217 2232 1279 2270 nem
1290 2212 1391 2272 habere

399 2284 538 2348 fortunam
549 2284 678 2363 exquirit.
718 2284 820 2346 rabula
836 2287 871 2345 de
919 2285 1029 2345 videtur
1038 2299 1072 2345 ex
1086 2287 1189 2365 antiqui
1218 2289 1270 2347 mis
1288 2291 1391 2367 poetis,

402 2361 500 2426 Proteo
511 2382 546 2426 ex
561 2364 683 2442 AEgypto
705 2364 785 2421 dutia
798 2362 870 2422 haud
919 2377 947 2419 et
969 2364 1080 2441 quidem
1102 2359 1313 2444 cosmogonicis,
1339 2370 1391 2449 qui

400 2442 499 2511 'dubie3
520 2440 592 2501 ledes
603 2441 661 2531 ejus
677 2441 750 2519 apud
765 2439 870 2499 Home·
918 2458 1009 2499 rerum
1022 2441 1142 2521 origines
1154 2442 1209 2500 suia
1224 2444 1391 2506 carminibus

398 2530 462 2581 lum
490 2522 520 2578 in
547 2518 628 2577 Phari
647 2517 739 2580 insulae
758 2519 870 2589 littote;
919 2517 1071 2585 tradebant,
1094 2531 1122 2576 et
1147 2539 1244 2600 aquam
1263 2522 1390 2582 omnium

400 2597 466 2656 hinc
480 2596 510 2654 in
524 2596 665 2674 Carpathio
679 2596 793 2674 Neptuni
805 2622 870 2679 gur·
918 2613 1008 2668 rerum
1038 2595 1202 2675 principium
1234 2599 1370 2675 ponebant
1377 2624 1389 2671 ;
1463 2622 1466 2627 ·

397 2685 463 2753 gito,
493 2675 522 2734 h.
547 2673 627 2741 mari,
650 2673 768 2732 versatur
794 2676 870 2750 (narn
919 2673 1079 2747 cujusadeo·
1096 2674 1341 2736 transformationes
1357 2677 1388 2737 in

398 2754 445 2813 Ca
477 2754 553 2811 athos
573 2750 660 2808 insula
678 2751 801 2830 AEgypto
822 2753 870 2811 ob.
919 2748 1024 2828 reliqua
1045 2760 1190 2827 corporum
1215 2763 1325 2831 genera,
1344 2754 1389 2834 ig„

399 2772 477 2891 verli
495 2831 564 2905 est);
585 2828 630 2886 sed
653 2828 765 2886 alterum
789 2828 870 2898 illud.
918 2847 992 2895 nem,
1005 2827 1156 2901 abremlof.
1166 2827 1218 2887 inf.
1229 2836 1389 2906 4'09.410),

378 2950 381 2954 -
400 2908 475 2988 quod
489 2908 647 2974 Emathiam,
667 2906 721 2964 late
733 2906 761 2963 11.
776 2906 796 2965 1.
810 2900 870 2965 dic.
919 2920 946 2979 et
956 2906 1003 2962 rel.
1014 2904 1164 2980 symbolica
1176 2904 1225 2966 ista
1236 2906 1331 2963 fabula
1342 2926 1390 2964 ex-

396 3002 467 3054 ram,
485 3000 512 3042 et
525 2984 659 3050 Pallenen,
671 2999 870 3061 procurrentem
917 2981 1064 3060 ponebant.
1116 2981 1219 3058 Eadem
1247 2982 1296 3039 alii
1321 2998 1390 3044 tan>

399 3064 477 3123 illam
502 3061 676 3119 Macedonia
700 3060 729 3118 in
755 3060 869 3121 formam
918 3080 999 3136 quam
1030 3077 1086 3118 rem
1112 3060 1211 3137 gestam
1236 3074 1390 3132 narrantur.

392 3140 548 3220 ,peninsula
574 3152 677 3216 partem
710 3158 760 3213 pro
779 3149 870 3214 patria
919 3138 964 3195 De
985 3136 1083 3194 Proteo
1102 3158 1130 3200 v,
1144 3136 1253 3211 Hymn.
1270 3138 1390 3278 0171799.

398 3220 427 3279 ei
441 3218 561 3293 afflgnet,
583 3216 635 3274 hoc
661 3214 754 3274 fabula
779 3213 870 3293 aliqua
919 3213 1035 3279 XXIV.
1074 3213 1134 3272 Vix
1156 3214 1248 3291 itaque
1260 3234 1311 3292 pro
1366 3214 1390 3278 i·

399 3294 554 3381 antiquiore
573 3293 681 3360 nititur,
700 3292 774 3352 conf.
797 3293 825 3349 h.
847 3293 867 3352 1.
917 3292 944 3349 le
956 3292 998 3361 fit,
1015 3291 1116 3349 fabular
1139 3290 1255 3350 fundum
1269 3292 1388 3369 aliquem

397 3369 544 3439 Servrum;
578 3392 637 3447 quae
669 3372 751 3429 etiam
777 3369 869 3445 Lyco·
918 3368 949 3425 in
966 3389 1000 3427 eo
1015 3371 1077 3437 effe,
1102 3369 1178 3445 quod
1201 3387 1249 3426 rex
1272 3368 1390 3447 AEgypti
1447 3428 1451 3436 ,

399 3447 501 3526 phroni
513 3449 595 3505 Alex.
618 3468 646 3505 11
672 3447 748 3524 -sqq.
765 3467 869 3507 memo·
918 3446 1029 3505 nomine
1045 3448 1154 3505 Proteus
1167 3444 1232 3513 fuit,
1253 3444 1300 3523 qui
1320 3446 1389 3508 adeo

401 3541 485 3584 ratur.
499 3525 557 3583 vid.
576 3468 708 3601 Apollod.
728 3525 768 3594 II,
789 3545 816 3603 ς,
838 3544 869 3601 9,
917 3540 1001 3606 artem
1027 3525 1099 3582 inter
1123 3522 1270 3600 AEgyptios
1297 3538 1389 3588 natam

398 3619 428 3665 et
447 3603 537 3661 Notas
577 3642 584 3657 .
610 3618 674 3677 315.
716 3598 796 3659 Forte
816 3601 870 3662 fuit
919 3614 1041 3659 teneret:
1074 3600 1150 3681 quod
1174 3614 1258 3662 acute:
1273 3598 1389 3678 suspica-

399 3680 450 3737 illa
470 3699 505 3736 ex
530 3622 630 3765 fabulis
652 3675 784 3763 Orphicis
806 3697 870 3737 mox
917 3677 1008 3745 batur,
1029 3692 1060 3736 ut
1081 3678 1135 3734 alia
1151 3678 1186 3733 de
1198 3677 1296 3735 fabulae
1307 3697 1390 3756 apum

398 3752 709 3820 inHeraclrasadscrta;
723 3773 785 3811 uam
797 3754 870 3811 Her·
918 3756 1125 3830 reparandarum
1149 3754 1251 3826 cauffis,
1280 3753 1324 3811 vir
1346 3754 1390 3813 in·

398 3834 472 3891 cules
492 3833 523 3891 in
545 3831 579 3889 iis
603 3828 672 3886 locis
696 3829 784 3887 Protei
803 3830 871 3889 filios
917 3830 1027 3907 geniose
1047 3831 1140 3887 dolius
1159 3830 1194 3888 de
1216 3830 1299 3888 Pauw
1318 3830 1390 3904 (Ro-

397 3909 514 3969 occidit.
554 3906 870 3986 Orphicaeautemfabu·
918 3907 1029 3965 charchas
1050 3908 1188 3984 philosophi
1216 3933 1241 3965 er
1269 3912 1322 3983 sur
1354 3908 1390 3983 lea

359 4036 361 4040 ,
397 3988 433 4052 lae
451 3987 486 4044 ad
512 3985 573 4043 illas
595 3983 714 4041 maxime
738 3997 869 4040 terrarum
919 3984 1057 4064 Egyptians
1079 3986 1164 4045 Tom.
1185 3932 1300 4063 Ilpag.
1325 4005 1391 4063 174.

395 4079 488 4143 partes
500 4062 629 4139 speeunt.
669 4058 792 4117 Omnino
812 4059 870 4117 Pie·
922 4068 997 4138 175.)

398 4142 481 4203 riam·
493 4141 617 4214 adeoque
653 4136 736 4195 etiam
768 4135 871 4195 vicinas
961 4145 1026 4213 388.
1053 4140 1118 4218 389.
1133 4138 1240 4217 picibus
1265 4153 1290 4196 et
1314 4160 1390 4199 curm

396 4234 501 4294 partes,
519 4232 548 4275 et
572 4214 644 4272 inter
662 4214 709 4271 has
736 4214 871 4282 Pallenen,
921 4214 1033 4291 bipedum
1063 4240 1177 4273 enorum
1199 4217 1301 4291 jonato,
1338 4236 1390 4291 pro

396 4294 638 4371 antiquiffirnatum
650 4291 871 4371 fabularumpto-
894 4322 898 4330 ·
920 4312 1001 4350 curru
1014 4293 1082 4371 pisci
1103 4312 1132 4348 us
1144 4304 1173 4347 et
1192 4290 1270 4366 equis
1282 4290 1390 4368 bipedi·

397 4372 488 4450 priam
501 4370 588 4428 sedern
602 4370 663 4436 effe,
683 4370 737 4427 alio
749 4372 812 4430 loco
823 4388 870 4428 ex·
920 4369 970 4428 bus
984 4371 1090 4446 junst0,
1115 4369 1144 4424 h.
1158 4366 1248 4443 :equis
1268 4366 1391 4437 marinis,

316 4476 317 4479 ¹
397 4448 535 4527 posuimus
545 4447 590 4520 (de
600 4448 704 4505 Musar.
713 4448 792 4527 relig.
801 4448 870 4525 ejus·
921 4446 969 4524 qui
982 4444 1125 4522 posteriore
1134 4443 1258 4520 suiparte
1268 4444 1391 4521 inpilcea

395 4546 452 4613 que
472 4525 554 4607 orig..
572 4524 646 4605 1766
672 4524 870 4590 commentatt.
920 4524 1081 4591 defluerent,
1099 4521 1192 4603 qualia
1211 4522 1326 4582 monstra
1346 4522 1390 4579 vel

396 4657 402 4668 ,
1322 4616 1394 4675 ,oa
