3575 5509
509 763 511 768 .
546 680 889 756 surianos
923 624 1198 755 Dronsrn.
1286 706 1382 755 ccxv

398 886 484 945 Unde
509 884 573 944 AEn.
602 885 656 953 Vl,
677 903 732 963 795
749 887 829 961 super
859 884 934 943 Indos
965 886 1081 961 Proferet
1105 893 1242 962 inpertiam.
1283 885 1381 962 Itaque

381 989 387 1002 ’·
397 995 563 1053 magnopere
575 973 700 1050 inprimis
713 992 729 1029 a
741 973 831 1050 poetis
843 993 875 1031 ea
887 992 928 1030 res
936 970 1078 1030 extollitur
1088 984 1116 1029 et
1128 971 1278 1051 magnificis
1291 972 1382 1031 verbis

398 1080 520 1131 ornatur,
541 1046 576 1121 ut*
586 1063 619 1120 de
632 1060 785 1140 profligatis
802 1060 918 1127 Parthis,
937 1057 1029 1116 everso
1050 1078 1144 1117 eorum
1163 1060 1289 1138 imperio,
1308 1043 1382 1119 vitio

398 1151 528 1229 Oriente,
541 1151 623 1211 India
635 1150 780 1215 debellata,
793 1168 839 1206 eos
851 1148 930 1227 loqui
943 1148 1044 1206 videas.
1083 1168 1111 1206 r.
1131 1150 1192 1207 loca
1205 1170 1249 1229 ap.
1261 1151 1382 1209 Cerdarn

396 1242 435 1299 ad
450 1242 507 1300 VII
522 1244 587 1299 AEn.
611 1241 679 1299 606.
720 1240 768 1296 Ad
786 1238 857 1297 hunc
876 1237 969 1316 itaque
985 1257 1087 1297 annum
1099 1237 1188 1296 versus
1200 1246 1287 1317 poetae
1299 1240 1383 1298 nostri

396 1328 456 1389 Ge.
477 1331 521 1388 lV
534 1344 621 1397 extr„
640 1328 681 1397 ΙΙ,
705 1348 832 1407 170—17
837 1348 865 1403 3,
885 1327 941 1396 ΙΙΙ,
959 1328 1073 1402 26-33
1092 1327 1259 1387 anonnullis
1275 1328 1382 1397 referri,
1469 1371 1472 1376 ,

398 1420 478 1498 supra
491 1422 524 1478 ad
538 1440 566 1478 a.
581 1438 637 1498 724
650 1416 862 1495 significavimus.
901 1416 1046 1495 Infiguiter
1061 1419 1170 1475 auitum
1188 1417 1223 1473 est
1233 1418 1287 1475 hoc
1308 1417 1382 1475 idem

398 1508 467 1585 AEn.
488 1507 545 1577 Vl,
565 1527 621 1586 799
643 1510 726 1585 Hujus
740 1518 766 1565 in
782 1509 921 1566 adventani
932 1511 995 1586 jam
1005 1522 1107 1565 nuncet
1120 1507 1215 1583 Caspia
1229 1530 1308 1586 regna
1319 1507 1382 1580 Κῷ.
1488 1502 1490 1507 ’

393 1598 483 1674 ponfis
501 1595 602 1654 horrent
621 1597 721 1664 dmm,
739 1613 764 1653 et
783 1594 891 1653 Maeatia
914 1595 998 1663 tellas,
1018 1596 1151 1670 Etſsptem
1161 1603 1258 1672 gemini
1276 1596 1382 1655 turbant

398 1687 565 1761 trepidaostea
578 1680 642 1747 Νιῖῑ,
753 1716 755 1719 >

440 1774 522 1832 Occio
532 1775 659 1839 Artaxia,
675 1769 726 1848 qui
739 1768 798 1827 aliis
812 1769 962 1828 Artabazes
979 1768 1032 1825 live
1053 1769 1225 1838 Artavasdes,
1241 1770 1381 1847 perdolata

394 1868 596 1941 propinquorum,
614 1862 691 1919 dotas
711 1884 729 1917 a
751 1860 856 1933 Casan
876 1860 1005 1917 Armeniis
1028 1858 1141 1934 (majori
1162 1858 1310 1933 Armenia)
1336 1861 1382 1922 tr-

395 1969 501 2028 granes,
520 1952 682 2025 dedadiusque
699 1956 726 2003 in
743 1968 847 2023 regnum
863 1968 882 2003 a
895 1945 997 2004 Tiberio
1007 1947 1103 2003 Nerone
1114 1946 1207 2004 Tacit.
1229 1948 1329 2005 Annal.
1340 1947 1383 2015 II,

401 2057 429 2111 3.
453 2060 479 2096 v.
504 2037 563 2094 Dio
576 2035 658 2101 LIV,
678 2053 695 2109 9
710 2046 737 2090 et
751 2032 791 2090 ibi
805 2032 915 2091 Fabric.
936 2033 1013 2091 Add.
1028 2033 1127 2092 Vellei.
1140 2034 1181 2101 11,
1202 2053 1252 2109 94,
1273 2056 1287 2109 3
1301 2050 1329 2093 et
1341 2037 1383 2093 ibi
1501 2090 1503 2092 .

404 2124 517 2181 Rubnk.
559 2122 638 2178 Hine
660 2119 778 2198 Virgilii
796 2119 866 2177 illud
885 2122 941 2194 Ge..
966 2119 1022 2189 ΙΙΙ,
1043 2142 1080 2197 30
1094 2122 1236 2201 pulsumque
1259 2125 1386 2197 tantane

381 2211 383 2220 '
403 2212 466 2289 (qui
488 2211 627 2276 Armeniae
646 2229 723 2268 rnons
743 2212 790 2273 est,
811 2211 880 2267 male
900 2230 916 2267 a
935 2208 1026 2287 poetis
1045 2211 1184 2268 nonnullis
1202 2229 1253 2288 pro
1272 2212 1386 2270 flumine

399 2298 520 2367 habitus,
541 2288 655 2376 quorum
677 2298 738 2355 loca
760 2318 787 2353 v.
810 2298 885 2378 ,apud
912 2298 1028 2357 Maffon.
1050 2297 1119 2355 Vita
1138 2298 1251 2356 Horatii
1274 2320 1301 2378 p.
1327 2302 1385 2376 306

400 2389 471 2467 sqq.)
494 2388 626 2445 illustrant
638 2386 692 2443 viri
705 2386 792 2447 dotn’.
832 2385 885 2443 Sed
899 2387 934 2442 ad
945 2406 988 2446 res
998 2406 1061 2445 curn
1075 2386 1181 2445 Parthis
1192 2408 1218 2447 a.
1232 2409 1289 2468 7²4
1300 2390 1384 2447 trans-

400 2480 470 2537 anas
484 2477 582 2535 referre
596 2496 626 2533 ea
638 2477 752 2554 prestat.
792 2474 939 2533 Ominatur
949 2483 1034 2554 poeta
1047 2490 1184 2555 tamquam
1206 2478 1237 2535 in
1251 2478 1383 2537 vaticinio

397 2580 510 2625 eventus
519 2566 635 2634 futuros,
655 2586 710 2622 non
724 2584 763 2621 res
775 2582 836 2620 aere
844 2564 928 2641 gestas
939 2580 1054 2623 enarrat.

440 2655 464 2710 li
479 2654 556 2729 Syria
572 2656 705 2731 Augustus
717 2654 747 2710 in
760 2652 869 2711 Samum
880 2654 997 2712 reversus
1008 2653 1115 2726 ibidem
1131 2655 1229 2715 iterum
1241 2656 1383 2714 hiemavit.

402 2740 566 2820 Frequentes
585 2744 631 2801 hic
652 2743 686 2799 ad
699 2762 761 2800 eum
774 2742 923 2819 legationes
943 2760 1139 2812 convenerunt,
1158 2760 1186 2803 et
1197 2744 1263 2802 Indi
1275 2765 1383 2823 pacem,

400 2852 481 2909 quam
494 2847 572 2889 antea
581 2846 755 2909 peroratores
765 2832 909 2908 petierant,
929 2845 993 2889 tuuc
1005 2834 1166 2909 interposito
1173 2834 1274 2892 foedere
1287 2834 1385 2892 sanxe-

400 2934 463 2977 runt
476 2934 505 2978 et
518 2921 590 2978 dona
605 2920 743 2980 miserunt.
766 2918 824 2977 Dio
838 2920 919 2987 LIV,
939 2940 967 2997 9.
1009 2922 1058 2981 Cf.
1072 2922 1145 2979 dieta
1158 2924 1216 3001 sup.
1229 2925 1265 2979 ad
1277 2944 1303 2980 a.
1317 2943 1385 3000 724.

400 3008 580 3067 Garamantes
603 3030 710 3086 quoque
728 3008 780 3065 hoc
803 3027 873 3065 anno
896 3007 962 3065 vicli
986 3029 1003 3065 a
1027 3010 1061 3067 L.
1086 3010 1171 3067 Balbo
1194 3012 1315 3078 Prucos.,
1335 3011 1384 3087 qui

399 3116 471 3176 anno
484 3095 607 3173 sequente
620 3095 664 3151 Vl
677 3096 739 3154 Kal.
755 3096 824 3173 Apr.
837 3114 871 3152 ex
886 3093 984 3152 Africa
994 3096 1183 3173 triumphavit.
1205 3118 1232 3154 v.
1256 3096 1327 3154 Plin.
1342 3097 1383 3171 V,

373 3249 376 3256 ,
403 3206 432 3263 ς,
451 3185 499 3262 qui
510 3187 628 3243 clafficus
640 3186 717 3241 locus
730 3186 777 3251 est,
797 3199 824 3241 et
839 3184 928 3242 Solin.
943 3203 990 3260 29.
1032 3186 1109 3245 Add.
1132 3185 1238 3263 intpp,
1259 3185 1384 3263 inprimis

402 3275 515 3334 Ruhnk.
530 3276 565 3331 ad
577 3271 678 3332 Vellei.
692 3272 734 3338 ΙΙ,
756 3293 803 3352 51,
823 3295 851 3351 p.
868 3294 935 3349 249.
976 3274 1049 3332 Bene
1061 3275 1154 3352 itaque
1171 3277 1236 3333 AEn.
1252 3275 1306 3343 VI,
1328 3293 1384 3356 795
1500 3300 1503 3310 ’

390 3367 471 3439 saper
482 3380 505 3420 et
518 3361 697 3419 Garamantas
711 3380 734 3419 et
750 3364 823 3420 Indos
835 3365 951 3440 Proferet
960 3372 1098 3441 inperium.
1140 3363 1221 3424 Fo‘rte
1238 3380 1296 3422 tum
1317 3387 1385 3443 quo·

398 3470 454 3527 ⁴que
481 3449 648 3507 Nasamones
668 3447 767 3507 deleti:
789 3471 816 3509 v.
843 3449 974 3509 Priscian.
995 3452 1106 3533 Perieg.
1129 3473 1192 3533 194.
1213 3468 1240 3511 et
1260 3454 1296 3511 at
1315 3472 1340 3512 e.
1362 3456 1385 3516 l.

402 3537 473 3596 Exc.
488 3538 529 3600 X.
541 3539 571 3599 in
581 3536 753 3595 Wemsdorfii
769 3537 845 3598 Poet.
862 3539 924 3596 Lat.
939 3540 1037 3604 minor.

783 3724 832 3794 U·
860 3723 903 3794 C·
931 3716 1032 3817 735?

459 3847 494 3918 C.
514 3849 641 3920 Sentias
658 3851 863 3920 Saturninos.
915 3849 962 3946 ἐξ.
984 3848 1156 3922 Lucreteas
1175 3852 1241 3943 Ves
1254 3853 1319 3923 ilio.

616 3984 662 4048 ¹a.
683 3956 719 4027 C.
742 3981 795 4051 19.
851 3958 982 4051 Virgilii
998 3949 1152 4052 51-52.

441 4079 566 4137 Donatus
578 4076 608 4133 in
621 4077 690 4134 Vita
703 4076 726 4152 i.
742 4096 774 4153 51
792 4078 869 4136 Anno
889 4081 1206 4157 quinquagefinasecundo‚
1225 4094 1254 4136 ut
1271 4075 1386 4133 ultimam

399 4192 503 4227 nanum
516 4168 628 4225 AEneidi
646 4175 788 4244 imponeret,
797 4172 892 4245 statari
911 4178 939 4225 in
959 4169 1088 4229 Graecianr
1106 4187 1131 4225 et
1149 4170 1237 4244 Aſson
1266 4165 1389 4229 decedere,

402 4265 552 4332 triennioque
573 4262 685 4313 continuo
704 4278 794 4314 omnen
812 4272 910 4333 operam
929 4257 1055 4316 linationi
1066 4259 1141 4326 dare,
1162 4274 1190 4314 nt
1210 4253 1307 4331 reliqua
1327 4260 1389 4314 vita

399 4360 501 4411 tanetum
513 4344 673 4420 philosophie
695 4363 811 4403 vacaret.
846 4350 904 4405 *Sed
911 4370 965 4407 cum
987 4352 1102 4426 iugreffies
1122 4358 1171 4411 iter
1188 4342 1292 4408 Athenis
1310 4362 1391 4397 occar-

401 4444 429 4490 ri
445 4450 470 4490 et
489 4436 613 4510 Augusto,
632 4433 666 4488 ab
690 4434 794 4491 Oriente
810 4435 911 4493 Romane
931 4445 1069 4493 revertenti
1081 4433 1168 4511 (quod
1176 4449 1274 4489 uerum
1286 4429 1334 4485 est.
1360 4448 1387 4485 t.

404 4521 463 4591 Dio
476 4522 557 4592 LIV,
582 4525 641 4598 ¹0ls
660 4546 712 4581 una
725 4547 779 4581 cttm
800 4525 907 4600 Cesare
926 4527 1006 4585 redire
1008 4528 1111 4601 statuit.
1149 4524 1254 4593 ,decan
1265 4520 1392 4594 Megara,

827 4634 841 4689 ς
1280 4627 1393 4673 visanum
