3575 5509
564 692 1168 816 *CODICIBUSRMSSU
1272 729 1401 786 rxxrrr
1536 740 1539 748 ·

413 903 514 1007 praef.
529 931 567 1003 p.
584 901 694 988 XIII.
711 932 714 938 ’
734 904 836 977 'Sunt
852 903 947 977 inter
964 904 1158 977 eos'Codd.
1174 906 1299 985 Franc.
1318 912 1403 1008 sar.

401 1034 497 1127 setti,
512 1029 686 1103 Guidant.
705 1028 890 1121 Adipclprii,
916 1028 986 1102 Ge.
1004 1031 1091 1103 Ant.
1111 1032 1273 1127 Vespuccii
1281 1076 1298 1121 ,·.
1319 1035 1401 1115 sunt

412 1157 576 1229 nonnulli
594 1152 760 1251 scriptia
775 1152 834 1246 Jo.
855 1150 1020 1247 Carpenst,
1038 1153 1127 1227 Cive
1147 1157 1400 1250 Ferrarienfi,a
1477 1233 1479 1240 .

411 1280 454 1379 P.
474 1269 654 1376 Pugliense,
672 1261 832 1350 a'Fratre
843 1275 921 1369 Jac.
939 1278 978 1350 de
991 1267 1153 1354 Vulterrd.
1206 1282 1251 1356 In
1261 1284 1399 1361 Ambra.
1488 1311 1490 1317 ·

400 1404 497 1493 fiana
518 1399 653 1475 XXIV
674 1398 857 1471 volumina
876 1397 924 1471 ad
948 1396 1146 1499 Virgilium
1171 1404 1398 1501 spodiantiaa

412 1521 617 1596 Montsauc.
637 1522 807 1597 Biblioth.
829 1523 938 1599 MSS.
955 1542 1007 1621 p.‘
1015 1546 1085 1620 524
1097 1525 1137 1616 B,
1154 1530 1190 1600 in
1204 1530 1308 1627 Regia
1326 1531 1398 1605 Pa-

409 1646 529 1746 nsterfi
544 1647 644 1743 supra
668 1646 741 1720 XL
763 1649 803 1721 in
830 1649 1004 1748 Catalogo
1028 1647 1135 1724 MSS.
1159 1652 1397 1733 'Bibliothecae

397 1770 502 1876 Reg.
526 1771 631 1863 Paris.
655 1773 821 1869 inprimis
845 1800 920 1849 an.
944 1797 1035 1871 7925
1061 1777 1135 1875 sqq.
1160 1778 1205 1850 ad
1226 1803 1332 1876 7970,
1356 1784 1394 1856 in

408 1891 580 1965 Biblioth.
599 1896 753 1996 Bernerfi
769 1920 791 1967 a
805 1896 955 1969 Sinnero
974 1879 1188 1996 Xchodd.
1205 1907 1393 1987 memorari

376 2037 379 2058 ¹
407 2019 526 2092 videas
542 2045 579 2115 p.
599 2017 670 2089 626
689 2018 765 2113 sqq.

455 2141 543 2213 Duo
560 2140 641 2211 sunt
657 2136 807 2210 Codices
826 2137 989 2209 omnium
1007 2140 1224 2213 vetustiffimi
1241 2168 1282 2215 ac
1298 2170 1394 2242 prae.

404 2261 615 2351 stantissrmi,
621 2284 773 2358 quorum
787 2279 907 2332 tamen
916 2284 987 2331 non
997 2261 1061 2333 nisi
1072 2263 1199 2359 exigua
1211 2265 1394 2365 fragmen.

404 2385 644 2484 tasupersunt.
674 2386 777 2458 Unus
790 2385 838 2456 est
849 2384 1391 2491 celebratissimusilleliberSan-
1480 2490 1482 2494 Ι

400 2515 609 2615 germanerfis
617 2538 653 2586 n.
666 2520 768 2608 1287,
777 2513 812 2584 in
822 2537 893 2610 quo
902 2512 1110 2609 antiquioris
1120 2514 1303 2613 scripturae
1314 2544 1390 2595 era.

404 2640 452 2716 sae
463 2660 499 2713 et
508 2628 768 2727 induclae‚-duni
781 2642 812 2712 ei
823 2640 1137 2737 Catalogusl'iror.
1148 2626 1273 2716 illustr.
1292 2645 1387 2717 Hie.

401 2766 543 2861 ronymi
556 2742 684 2837 saeculo
693 2764 763 2835 Vll
776 2763 1028 2861 superscriptus
1036 2758 1098 2850 est,
1108 2765 1253 2861 uestigia
1262 2765 1384 2861 passim

351 2876 357 2894 ⁹
405 2889 717 2962 Commentarium
728 2887 834 2986 Aspri
844 2888 880 2957 in
890 2888 1334 2986 Virgiliumantiquiffimo
1346 2895 1417 2984 ac'

400 3014 643 3113 pulcherrimo
658 3010 801 3108 capitali
812 3011 1124 3107 planecharadlere
1135 3011 1301 3105 produnt.
1314 3011 1388 3084 vid.

401 3135 472 3210 ΡΡ.
486 3136 733 3208 Benediclinos
743 3133 793 3205 N.
806 3133 869 3239 Tr.
881 3133 926 3206 de
938 3132 1102 3227 Diplom.
1113 3131 1159 3201 T.
1171 3131 1239 3216 ΙΙΙ,
1252 3149 1288 3227 p.
1308 3156 1387 3227 152.

399 3259 567 3332 Alterum
582 3258 856 3352 estsragmentum
875 3256 1087 3342 Pithecium,
1109 3253 1235 3325 litteris
1252 3258 1406 3352 capita.¹
1495 3334 1502 3343 .

401 3388 495 3463 libus
507 3385 766 3484 grandioribus,
782 3384 904 3479 quales
922 3380 1036 3452 nullos
1047 3379 1169 3450 ullowin
1181 3379 1315 3454 Codice
1330 3382 1386 3454 vi-

399 3510 496 3583 deas.
547 3508 632 3607 Ejus
650 3509 829 3606 specimen
845 3507 944 3578 dedit
962 3503 1154 3578 Ruinartus
1173 3507 1308 3608 inapp.
1328 3509 1385 3580 in.

399 3633 489 3707 serta
510 3635 724 3709 Mabillonio
740 3636 785 3708 de
795 3636 848 3707 Re
862 3632 963 3727 Dipl.
977 3658 1013 3727 p.
1032 3631 1113 3724 637.
1128 3632 1170 3723 63
1177 3651 1208 3725 5,
1224 3634 1384 3707 undere.

396 3741 596 3857 petitumin
607 3762 657 3834 N.
670 3763 734 3833 Tr.
746 3762 790 3833 de
801 3762 965 3857 Diplom:
976 3758 1024 3829 T.
1039 3757 1105 3845 ΙΙΙ,
1115 3782 1153 3854 p.
1167 3765 1225 3849 4'1,
1237 3762 1309 3832 tab.
1319 3784 1380 3862 34.
1481 3807 1486 3819 ι

396 3880 439 3952 In
457 3881 675 3956 bibliotheca
692 3883 758 3952 San
776 3872 916 3982 Gallerfi
932 3867 1095 3952 codicem
1112 3879 1178 3951 elle
1199 3861 1381 3955 audieram

393 4008 619 4105 rescriptum,
636 4008 761 4104 inquo
777 4009 887 4080 veteri
913 4006 1055 4103 Virgilii
1076 3999 1259 4103 scripturae
1282 4010 1380 4082 dele-

394 4147 443 4210 tae
461 4130 747 4229 superscripserat
764 4134 830 4204 alia
846 4131 1180 4228 manusAugullini
1198 4134 1379 4232 nonnulla.

393 4253 553 4331 Dederat
574 4260 642 4332 boc
662 4260 774 4354 amori
799 4260 862 4333 suo
887 4261 925 4331 in
949 4260 1089 4343 mevir
1112 4255 1378 4351 humanissimus

394 4380 671 4478 Christopborus
689 4382 893 4478 Girtanner,
907 4385 963 4458 M.
979 4384 1040 4470 Ι),
1058 4402 1097 4455 ut
1109 4381 1300 4479 particulas
1311 4380 1378 4451 ali-

1251 4532 1253 4537 ·
1291 4518 1377 4598 quot
