3575 5509
360 781 368 802 .
446 701 492 764 cc
591 672 631 748 P.
658 672 874 749 VIRGILII
900 670 1136 757 MrlRONlS
1162 672 1285 762 VITA

446 876 539 946 uenire
551 877 653 955 potuit.
693 876 746 933 Sed
760 874 823 941 satis
834 876 881 942 est,
901 874 921 932 fi
933 873 1160 960 teneasgpo'e’mm
1172 871 1215 929 his
1226 871 1293 946 viris
1303 870 1434 948 omnibut

447 980 552 1022 mature
561 979 670 1042 gratum
682 978 711 1022 et
723 983 815 1021 carum
829 964 918 1038 fuisse.¹

486 1052 658 1129 Recuperato
680 1070 758 1129 agro,
778 1052 911 1130 Eclogam
933 1052 1008 1121 loco,
1028 1070 1082 1123 non
1108 1066 1241 1128 tempure,
1262 1048 1392 1128 primam,
1413 1046 1433 1105 fi

324 1187 329 1195 .
447 1136 527 1215 supra
539 1153 687 1213 memorata
699 1140 769 1197 reete
787 1138 814 1197 se
827 1138 948 1206 liabent,
966 1137 1093 1215 scriptam
1107 1140 1168 1207 elie,
1187 1136 1309 1212 dubitari
1328 1134 1434 1214 nequit,

451 1226 570 1286 Obtinet
593 1242 683 1285 tamen
704 1226 824 1305 vulgaris
837 1226 944 1305 opinio,
963 1223 1034 1295 auno
1046 1226 1099 1296 hoc
1114 1247 1181 1304 713,
1201 1226 1287 1282 aetatis
1301 1245 1351 1302 29,
1370 1244 1433 1282 eum

453 1315 575 1390 Bucolica
596 1316 711 1375 scribere
734 1316 880 1394 aggressum
894 1315 953 1371 else.
972 1323 976 1331 “
993 1312 1077 1392 Qod
1090 1313 1201 1389 quidem
1214 1311 1356 1370 confilium
1368 1317 1436 1388 poe-

450 1412 506 1459 tam
515 1402 645 1461 Pollionis
658 1406 774 1462 maxime
783 1401 940 1460 audioritate
948 1414 975 1458 et
985 1400 1092 1459 hortatu
1099 1400 1324 1479 suscepiffe,inter
1331 1399 1435 1477 Grani·

452 1492 568 1552 maticos
581 1495 653 1552 fama
660 1511 740 1554 tenet.
760 1517 786 1555 v.
800 1496 903 1551 Donat.
918 1491 979 1550 Vit.
992 1493 1074 1570 Virg.
1097 1493 1122 1569 i.
1138 1494 1184 1570 36.Ι
1222 1491 1311 1549 Iidem
1323 1511 1357 1549 ex
1368 1493 1433 1551 loco

452 1582 560 1661 primo,
579 1604 659 1659 quern
674 1586 778 1663 Ecloga
793 1582 909 1658 Tityrus
921 1594 1005 1649 tenet,
1025 1581 1146 1650 omnium
1157 1580 1239 1638 etiam
1249 1595 1368 1659 tempore
1378 1580 1435 1658 pri·.

331 1703 337 1716 ι
454 1694 527 1731 marn
549 1673 689 1752 scriptam,
708 1690 735 1733 et
756 1674 908 1733 calamitate
931 1672 1013 1730 amitti
1035 1673 1095 1751 agri
1117 1672 1263 1750 addutlunt
1285 1664 1439 1753 Virgilium

454 1764 574 1843 primurn
586 1769 709 1842 poeticen
720 1768 868 1845 aggrellum
886 1770 926 1840 (v.
943 1764 1044 1822 Phocus
1054 1787 1080 1824 v.
1094 1766 1129 1845 67
1145 1765 1203 1842 sqq.
1224 1767 1348 1825 Donatus
1358 1767 1385 1844 l,
1398 1786 1433 1843 91

456 1858 520 1927 &el
534 1855 584 1911 elle
595 1870 722 1931 putarunt
734 1879 741 1923 ;
764 1853 866 1912 scilicet
879 1867 910 1910 ut
929 1871 962 1908 ne
975 1873 1042 1929 unus
1060 1852 1158 1930 aliquis
1168 1856 1251 1930 'poeta
1262 1854 1337 1936 effet,
1355 1845 1438 1933 quem

456 1961 511 1999 non
524 1943 606 1999 fames
617 1960 644 1999 et
656 1944 762 2001 miseria
774 1945 809 2006 ad
823 1941 912 1999 versus
924 1940 1079 1999 scribendos
1091 1936 1251 2021 perpulisset.

496 2030 570 2087 Cum
593 2030 730 2109 Virgilius
746 2032 889 2088 Mantuam
916 2029 1000 2086 redux
1023 2048 1103 2106 agros
1120 2030 1209 2089 suosa
1225 2031 1368 2101 veteranis,
1387 2032 1438 2110 qui
1530 2058 1532 2062 ’

456 2135 505 2174 eos
529 2134 703 2196 occuparant,
724 2117 884 2188 vindicaret,
905 2137 1002 2174 novam
1028 2116 1157 2193 injuriam
1181 2121 1297 2199 accepit,
1318 2135 1349 2178 ut
1368 2122 1438 2179 adeo

458 2204 563 2285 fuga
537 2227 601 2265 vrtae
609 2209 746 2267 consulere
756 2208 854 2266 neceffe
867 2206 986 2264 haberet.
1026 2206 1102 2272 Patet
1111 2205 1188 2264 rdex
1202 2207 1262 2267 Eci.
1275 2208 1335 2285 IX,
1355 2230 1438 2310 quant

459 2306 520 2351 turn
536 2295 663 2364 Romam,
683 2312 713 2354 ut
726 2297 813 2363 aiunt,
833 2294 970 2377 regrelius,
990 2307 1020 2350 ut
1037 2294 1126 2351 denuo
1141 2280 1439 2381 Otiavianiopemirn·

458 2381 589 2457 ploraret,
604 2383 680 2441 Varo
693 2373 816 2461 obtulille
830 2380 916 2439 videri
929 2383 1029 2457 potest,
1063 2367 1325 2481 quanquamiriipso
1338 2386 1439 2443 carmi·

461 2487 496 2525 ne
509 2469 578 2527 nihil
591 2491 622 2528 ea
635 2473 668 2527 de
681 2491 708 2527 re
730 2485 823 2548 prater
844 2469 1020 2526 honorificam
1035 2468 1103 2535 Vari
1121 2469 1283 2531 mentionem
1295 2491 1323 2529 v.
1313 2491 1386 2551 .27.
1378 2492 1438 2573 ‚35

464 2557 596 2615 occurrit.
616 2579 643 2617 ι.
658 2559 775 2636 A.rgum
790 2558 849 2613 Ecl.
861 2554 913 2613 lX.
940 2554 1006 2612 Non
1021 2558 1088 2613 male
1098 2556 1151 2613 hoc
1165 2557 1261 2615 Ruaeus
1272 2556 1329 2636 ipsa
1338 2578 1439 2619 carmi

461 2644 504 2701 nis
514 2645 613 2714 forma,
634 2667 693 2722 quae
705 2644 862 2703 subitariam
876 2664 984 2721 operam
997 2645 1059 2701 satis
1069 2644 1172 2722 prodit,
1185 2646 1338 2705 confirmari
1334 2662 1439 2726 putat.

461 2732 642 2791 Menalcan
634 2754 664 2791 ιιι
693 2755 726 2792 eo
750 2734 868 2791 carmine
894 2733 1045 2811 Virgilium
1067 2721 1272 2813 intelligendum
1293 2735 1393 2815 effe,
1381 2754 1439 2812 Jam

459 2822 666 2895 Qintlilianus
691 2823 797 2901 monuit
821 2825 882 2882 inst.
898 2819 982 2893 VIII,
996 2826 1026 2892 6,
1040 2845 1086 2904 47.
1127 2823 1287 2891 Veteranus,
1306 2824 1440 2901 cujuaau·

463 2912 552 2971 daciae
562 2928 589 2971 et
602 2914 690 2971 furori
704 2913 841 2991 Virgilius
853 2914 901 2971 vix
921 2911 987 2991 suga
1007 2914 1033 2969 se
1055 2913 1200 2971 subducere
1213 2915 1314 2993 potuit,
1334 2914 1369 2973 ab
1376 2915 1440 2978 aliis¹

465 3002 563 3059 Arrius
573 3002 707 3071 centurio
727 3002 762 3060 ab
780 3002 839 3059 aliis
851 3000 978 3066 Clodius
997 3001 1119 3059 aProbo
1143 3001 1263 3059 Milenus
1285 3003 1328 3061 seu
1343 3002 1438 3059 Milie-

465 3110 514 3163 nus
527 3090 606 3149 Toto
624 3091 796 3169 primipilaris
809 3091 885 3148 soille
904 3091 1029 3148 traditur.
1067 3090 1120 3149 Sed
1134 3092 1168 3149 de
1179 3090 1221 3150 iris
1231 3091 1440 3180 disputationem

465 3182 501 3238 ad
514 3181 653 3240 Donatum
667 3184 691 3259 q
707 3204 737 3257 31
756 3181 904 3260 rejecimus.

507 3274 639 3349 Injuriam
653 3273 721 3329 hanc
734 3281 813 3349 poeta
827 3294 880 3330 non
893 3272 942 3330 nist
957 3270 1052 3329 Afinio
1065 3272 1185 3350 Pollione
1196 3243 1304 3352 fugato,
1317 3291 1442 3353 expertus
1510 3274 1514 3285 '

467 3362 529 3429 elle,
548 3377 578 3418 ut
591 3363 681 3439 paullo
693 3377 754 3418 ante
764 3362 893 3429 vadamus
913 3375 1036 3418 narratur
1055 3360 1085 3418 in
1107 3361 1181 3421 Serv.
1202 3366 1237 3421 ad
1250 3363 1311 3422 Ecl
1324 3365 1382 3434 IX,
1406 3386 1436 3444 tq
1516 3363 1520 3370 ’

467 3474 524 3527 quo,
544 3450 720 3507 Pollionez
667 3456 795 3530 ,fagala
815 3456 897 3527 rursus
920 3456 950 3509 de
963 3450 1070 3529 praediis
1080 3455 1136 3527 stcis
1145 3458 1242 3532 fuerat
1255 3453 1375 3531 Virgilius
1397 3464 1444 3535 eir*
1467 3467 1469 3474 '

465 3539 559 3626 pulsus.

510 3627 539 3683 Si
556 3646 668 3704 quaeras,
687 3649 740 3705 qua
763 3631 866 3688 ratione
890 3636 971 3710 poe'ta
992 3628 1090 3704 iterum
1104 3629 1133 3687 in
1156 3650 1234 3710 agros
1244 3631 1304 3689 suos
1317 3632 1442 3691 reduetus

470 3709 569 3784 fuerit3
591 3716 711 3775 Servium
723 3720 804 3778 habes
816 3718 995 3780 Commeat
986 3738 1015 3775 ιιι
1028 3699 1123 3779 Bucol.
1114 3741 1175 3804 pr.
1167 3722 1214 3799 ,ι
1231 3738 1444 3812 r4narrantem:

470 3807 558 3882 Postea
568 3804 602 3862 ab
616 3806 723 3884 Augzfio
743 3834 776 3866 m
768 3809 807 3884 β
793 3832 816 3867 s
838 3812 991 3877 triumviris,
1011 3825 1036 3865 et
1048 3811 1094 3886 ipfi
1081 3820 1200 3894 ainteger
1210 3836 1273 3890 ager
1291 3815 1444 3913 esdredditur

470 3911 495 3954 et
508 3894 658 3951 Mantuanis
665 3912 711 3974 pro
719 3913 803 3975 parte.
842 3898 875 3956 In
888 3918 970 3977 quam
982 3897 1138 3972 sententiam
1146 3900 1220 3979 idern
1232 3899 1445 3980 ibld0'1nterp1'e·¹

471 3983 642 4041 taturversus
658 4005 686 4062 ιι
703 3986 759 4065 sqq
771 3988 831 4047 Ecl.
841 3988 898 4048 IX.
936 3987 995 4045 Vix
1016 4003 1106 4066 tamen
1125 3974 1200 4047 illud
1215 3991 1268 4049 hoc
1290 3971 1349 4068 ipso
1370 4012 1444 4063 anuo

470 4072 530 4131 tien
541 4087 643 4155 potuit
661 4096 715 4153 quo
736 4078 836 4154 bellum
853 4078 1005 4140 Perufinum
1017 4080 1122 4146 exarsit
1117 4101 1195 4161 quo
1215 4082 1269 4139 iate
1286 4082 1367 4140 Italia
1376 4104 1445 4143 con

470 4162 583 4242 flagrat
575 4178 615 4233 rt;
635 4163 746 4241 itaque
739 4167 816 4225 rebus
828 4150 938 4224 demum
950 4168 1074 4244 padlione
1092 4168 1249 4228 Brundisina
1261 4193 1286 4232 a
1278 4170 1360 4253 ,714
1370 4194 1444 4235 com-

470 4251 563 4331 positis
572 4251 602 4309 id
615 4252 665 4309 elle
677 4255 789 4333 saelum,
809 4236 904 4314 rectius
914 4255 991 4332 ponit
1006 4254 1183 4336 Martinusp.
1196 4257 1245 4316 LI.

507 4341 760 4418 Mantuanisautem
772 4343 865 4400 simul
858 4363 887 4399 ιιι
897 4344 1013 4421 Virgilii
1026 4347 1140 4422 gratiam
1153 4366 1279 4425 agrorum
1290 4363 1413 4426 partem
1404 4370 1446 4410 re-

470 4426 588 4502 {lituram
601 4428 661 4499 elie,
681 4430 743 4489 satis
751 4428 892 4510 probabile
904 4430 935 4490 fit
944 4452 978 4491 ex
991 4431 1051 4493 Ecl.
1065 4433 1122 4504 IX,
1136 4456 1241 4514 7-ιο.
1279 4437 1356 4508 conf.
1368 4439 1445 4519 Serv.
1471 4428 1474 4436 ¹

470 4518 547 4579 adv
564 4538 609 4579 10.

1331 4606 1384 4699 U.
1402 4607 1447 4684 C.
