3575 5509
445 617 448 623 ‘
537 648 915 737 Buconica,
963 648 1108 723 nen.
1153 649 1223 723 111.
1322 669 1438 748 ς’.

400 851 527 947 Bisque
543 851 601 923 die
616 867 805 922 numerant
821 848 930 920 ambo
946 873 1066 944 pecus,
1083 849 1171 921 alter
1188 866 1224 921 et
1237 848 1372 922 haedos,

397 984 542 1070 Verum,
556 983 593 1057 id
604 982 701 1080 quod
714 982 830 1054 multo
843 999 919 1052 tute
934 982 1007 1075 ipse
1019 980 1173 1054 fatebere
1184 978 1310 1079 majus,
1323 1006 1346 1076 3
1351 1002 1371 1081 ς

400 1119 575 1215 (Insanire
592 1118 679 1188 libet
696 1116 866 1211 quoniam
883 1114 967 1201 tibi)
985 1116 1112 1210 pocula
1126 1136 1259 1210 ponam

398 1257 543 1354 Pagina,
556 1255 725 1331 caeiatum
744 1252 860 1326 divini·
871 1275 962 1347 opus
979 1252 1258 1329 Alcimedontis:

398 1389 512 1465 Lenta
527 1388 657 1483 quibus
675 1405 776 1457 torno
793 1385 889 1456 facili
905 1384 1129 1486 superaddita
1146 1387 1228 1460 vitis
1291 1450 1298 1457 .

432 1600 472 1646 35.
489 1596 531 1632 ture
540 1587 601 1632 multo
611 1587 652 1649 upse
666 1583 735 1631 Leid.
766 1593 789 1630 ru
799 1581 841 1649 ipfi
851 1582 914 1629 Ven.
927 1581 973 1629 Ed.
992 1582 1162 1644 1472.--36.
1178 1584 1313 1637 Distinxere
1325 1590 1376 1648 alii,
1391 1637 1397 1658 Ι

397 1674 426 1711 ut
437 1664 486 1727 jam
498 1664 523 1711 in
534 1662 630 1727 scriptis,
639 1662 692 1726 post
702 1662 758 1718 libet,
764 1660 805 1708 aiii
816 1658 868 1723 post
878 1664 982 1722 quoniam,
993 1658 1039 1707 [ive
1051 1659 1136 1707 eodem
1145 1661 1220 1721 sensu,
1230 1663 1277 1713 five
1288 1676 1316 1714 ut
1326 1667 1376 1732 ips:

398 1739 524 1788 Menalcas
534 1739 563 1787 de
574 1733 682 1795 iedic'at,
694 1738 716 1785 se
728 1737 838 1795 insanire,
851 1728 892 1799 oui
910 1735 1060 1799 depofiturua
1077 1736 1105 1784 fit
1123 1750 1204 1787 contra
1216 1741 1318 1792 vitulum
1331 1761 1375 1808 po-

395 1815 479 1864 cuium
492 1814 594 1882 (poetice
606 1815 665 1864 dixit
675 1814 737 1880 plur.
743 1814 817 1879 'pocula
820 1818 844 1875 ),
852 1813 930 1861 multo
941 1814 1038 1877 majoris
1047 1829 1101 1860 rem
1111 1815 1296 1880 pretii—37,
1312 1823 1375 1869 ΑΒ.

397 1896 497 1943 medonis.
541 1893 630 1946 Multis
651 1890 728 1939 modis
747 1890 858 1937 aberrant
877 1889 982 1946 librarii3
999 1888 1031 1940 est
1045 1888 1285 1955 'numm—38,
1297 1900 1375 1959 ΜΕ,

396 1968 464 2018 fuisse
476 1970 577 2033 aprima
587 1968 686 2032 Virgilii
699 1983 771 2018 manu
783 1966 882 2014 testatur
893 1968 959 2013 Serv.
971 1965 1001 2012 ad
1011 1966 1069 2012 AEra
1079 1966 1109 2022 ΙΙ,
1125 1980 1183 2030 592,
1198 1971 1303 2033 agnoscit
1313 1990 1375 2037 qm,

396 2061 445 2109 que
463 2050 580 2106 Donatus,
595 2045 676 2108 estque
696 2042 760 2092 idem
775 2041 833 2089 iilud
852 2043 876 2089 in
894 2041 1033 2105 quibusdam
1053 2041 1376 2109 codd.parrrm·c<‚m1„0,1e

397 2121 451 2192 post
460 2124 523 2170 lenta.
554 2120 634 2169 Etiam
637 2123 730 2185 fragilis
741 2122 813 2168 Rom.
825 2130 849 2170 et
861 2118 890 2166 ai.
902 2135 925 2166 v.
936 2118 967 2166 ad
978 2119 1050 2166 ovid.
1062 2118 1126 2166 Met.
1137 2121 1196 2180 XV,
1210 2121 1255 2189 169
1267 2125 1295 2173 Β,

441 2312 487 2368 34.
501 2288 801 2360 alteretbaedos,fetnm
818 2310 864 2367 pe·
912 2289 1015 2367 sculpta
1032 2305 1114 2349 extet.
1151 2290 1213 2368 Jam
1226 2296 1379 2374 reliquaira

398 2369 511 2431 corish.
524 2384 639 2426 matrum
653 2386 803 2445 oprarum,
816 2387 866 2423 nu·
909 2367 1067 2443 jungenda:
1088 2367 1183 2445 quibus,
1206 2372 1236 2429 h.
1257 2374 1303 2433 cui
1326 2396 1377 2454 po-

360 2455 363 2462 ’
399 2459 494 2505 metat.
534 2449 580 2519 36.
601 2445 717 2521 Insanrre
733 2444 790 2506 scil.
809 2461 864 2506 me·
912 2444 1378 2525 cu10,virislentasuperaddita,ex.

397 2540 461 2583 cum
472 2520 610 2579 certando.
914 2519 1026 2609 sculpta,
1046 2524 1216 2601 tornosacili,
1238 2547 1289 2605 ope
1310 2529 1376 2589 scal.

440 2603 486 2673 38.
516 2600 596 2655 Lenta
622 2599 708 2675 qulbus
745 2613 812 2657 torno
833 2604 864 2674 s.
913 2599 989 2673 pelll,
1007 2599 1081 2675 quod
1086 2600 1167 2677 facili
1179 2602 1205 2658 h.
1223 2623 1248 2662 e.
1262 2605 1378 2666 dorica

399 2673 494 2738 Multo
526 2677 566 2732 lus
574 2674 689 2751 pulveris
698 2688 862 2738 commotum
948 2673 1000 2733 rita
1021 2695 1102 2732 manu
1123 2679 1257 2739 tradatur.
1284 2704 1313 2741 v.
1338 2684 1376 2741 ad

400 2752 436 2809 est
448 2753 488 2812 ,in
507 2696 560 2809 iioc
578 2753 639 2815 loco
659 2772 722 2809 cum
746 2751 779 2807 ab
803 2750 864 2809 aliis
942 2751 998 2809 vid.
1013 2754 1080 2810 Art.'
1088 2752 1114 2819 1,
1138 2757 1201 2815 160.
1228 2756 1335 2816 Tibull.
1349 2760 1377 2828 1.

400 2842 459 2891 tum
479 2850 496 2887 a
518 2848 559 2886 me
581 2828 640 2905 ipso
668 2829 708 2902 (in
735 2827 864 2885 Addend.
912 2848 944 2902 4,
964 2848 1012 2904 40·
1043 2831 1119 2904 vestit
1141 2832 1260 2908 corymbos
1280 2838 1379 2911 dffrsoe

402 2904 456 2967 Ed.
469 2925 509 2984 pr.
523 2926 549 2981 p.
566 2909 644 2976 ziz),
665 2925 745 2981 quam
765 2904 865 2961 necesse
912 2904 1003 2963 hedera
1016 2906 1137 2981 pallente,
1152 2908 1271 2986 explicat
1292 2912 1319 2968 se
1335 2911 1378 2970 su-

398 2999 467 3040 erat.
508 2982 552 3043 De
568 3001 635 3039 torno
645 2998 672 3038 et
685 2982 807 3039 caelarura
818 2978 864 3057 egi
912 3000 961 3056 pra
984 2981 1122 3047 hederam,
1147 2986 1223 3060 cujus
1252 2988 1379 3062 corymbi

399 3058 524 3119 disertius
544 3059 600 3116 alio
626 3060 687 3116 loco
708 3060 863 3135 (Antiquam
912 3056 1002 3114 diffusr
1014 3057 1086 3127 sunt,
1105 3062 1303 3135 eamque'adeo
1324 3065 1378 3122 im-

401 3137 529 3214 Arfici'taee
550 3136 578 3193 II
600 3134 631 3193 P.
650 3155 712 3213 pag.
738 3155 789 3213 145
811 3133 862 3210 sq.)
913 3133 998 3209 plicat
1010 3134 1063 3191 suis
1078 3136 1228 3198 racemulis.
1264 3138 1379 3201 ,Scilicet

402 3211 592 3290 Reputandum
604 3229 673 3279 erar,
690 3214 718 3271 h.
732 3212 750 3273 l.
768 3211 813 3287 agi
830 3211 864 3267 de
912 3212 1096 3287 anaglyphum
1118 3226 1175 3271 erat
1196 3214 1236 3270 ita
1265 3215 1377 3287 fadum,

401 3290 510 3365 pastoria
534 3310 625 3366 opere,
653 3288 701 3365 qui
726 3307 775 3345 nec
798 3305 865 3350 torno
913 3304 954 3357 ur,
966 3288 1105 3345 collocatis
1116 3288 1146 3377 in
1159 3290 1250 3348 medio
1261 3290 1379 3353 duomm

399 3378 507 3427 romare
518 3368 656 3441 poculum,
676 3386 725 3427 nee
745 3364 804 3423 caelo
825 3363 864 3421 uti
912 3364 1054 3422 hominurn
1073 3364 1164 3441 signis,
1183 3386 1243 3427 oras
1263 3369 1380 3430 ambiret

403 3443 507 3520 potuit,
519 3442 695 3518 sedscalpelio,
707 3462 762 3518 quo
777 3454 804 3497 et
820 3466 864 3499 ex·
913 3440 977 3499 vitis
987 3441 1092 3500 hederae
1101 3442 1245 3519 implicita.
1264 3448 1381 3524 Corymbr'

308 3535 313 3543 '
400 3528 515 3580 cavavit
538 3517 605 3575 illud
633 3535 661 3576 et
685 3518 800 3585 celavit,
818 3537 864 3575 ex,
912 3518 973 3574 sunt
992 3518 1091 3580 racemi
1110 3520 1222 3578 hederae¹
1235 3522 1264 3580 in
1284 3525 1378 3584 orbem

399 3592 509 3674 {eulpfit
518 3591 548 3649 in
559 3594 649 3669 poculi
661 3589 794 3654 exferiore
806 3614 866 3653 area
912 3593 1080 3660 circumadi,
1100 3612 1130 3653 ut
1145 3596 1215 3655 Plin.
1232 3600 1277 3668 16,
1290 3620 1337 3677 34,
1349 3615 1379 3661 er

401 3689 460 3750 opus
471 3671 647 3752 anaglyphum.
686 3670 731 3727 Est
743 3674 866 3729 adeotor·
912 3669 998 3728 acinis
1022 3692 1053 3729 ac
1078 3672 1181 3741 baccis,
1207 3675 1255 3752 qui
1276 3672 1378 3737 frustm

403 3774 450 3810 nus
464 3750 491 3807 h.
509 3752 529 3810 1.
543 3768 637 3827 parum
654 3747 761 3824 proprie
779 3746 869 3810 didus
912 3746 1027 3815 hederae,
1065 3769 1131 3825 quas
1162 3771 1228 3808 vuar
1269 3770 1379 3827 vocant,

401 3848 452 3906 pro
461 3827 577 3905 scalpro,
595 3824 639 3883 seu
656 3825 744 3881 cultro
756 3824 865 3901 pastori·
912 3844 1016 3900 graves.
1041 3827 1156 3884 nedem
1178 3827 1251 3885 dida
1268 3832 1378 3906 pollens,

402 3905 444 3963 tio
469 3905 515 3971 ¹ad
539 3902 711 3979 scalpendum
734 3900 865 3972 adhibito.
914 3900 979 3977 quia
1002 3921 1085 3978 genus
1108 3903 1164 3979 ejus
1197 3905 1262 3963 albo
1287 3909 1380 3970 colore

403 3980 488 4039 Nihil
508 3980 639 4057 amplius:
671 3979 776 4055 hocque
813 3997 867 4038 uno
913 3977 1094 4055 conspicitur3
1124 4000 1238 4059 namque
1264 3985 1301 4042 est
1325 3986 1382 4045 alia

401 4057 586 4117 animadverso
598 4054 724 4134 expedita
732 4054 794 4113 satis
806 4053 866 4113 sunt
914 4054 993 4132 nigro
1004 4058 1107 4123 colore,
1126 4071 1154 4114 et
1165 4058 1245 4135 nigro
1258 4076 1305 4119 aut
1317 4082 1379 4121 cro-

401 4134 514 4211 reliqua.
565 4136 660 4209 Itaque
689 4132 816 4191 Salmafio
839 4146 867 4194 et
913 4132 1379 4197 ceofmdu.v.Martinad·h.1.
1440 4153 1442 4157 ’

403 4209 556 4268 Burmanno
578 4212 648 4268 noiis
672 4210 808 4277 accedere,
835 4222 866 4267 ut
916 4211 978 4266 Viris
990 4224 1079 4268 autem
1091 4211 1226 4288 explicare
1245 4213 1271 4270 se
1288 4227 1317 4269 et
1329 4213 1381 4273 ser.

402 4300 483 4345 mmo
502 4301 606 4345 rantum
631 4287 747 4364 politum
770 4301 798 4346 et
821 4304 865 4343 ro·
913 4286 1064 4363 peresuper
1077 4311 1180 4347 racemos
1198 4292 1226 4346 di
1254 4293 1298 4365 sos
1308 4290 1381 4350 bede·
1408 4322 1411 4331 ·

402 4365 545 4421 tundatum
571 4365 709 4440 poculum,
742 4365 867 4435 caelatura
914 4387 957 4429 ra,
976 4364 1004 4421 h.
1017 4364 1219 4434 hoderaceos,a
1291 4386 1324 4423 ue
1337 4368 1381 4426 su·

402 4460 466 4498 vero
477 4439 540 4497 vitia
551 4439 721 4526 superaddita
735 4440 778 4509 fit,
792 4439 820 4497 b.
835 4438 866 4497 in
914 4459 962 4518 per
979 4439 1115 4508 hederam,
1134 4442 1254 4518 putanda
1272 4444 1320 4511 est,
1339 4458 1380 4501 at-

402 4516 657 4606 planaetlaengata
673 4515 866 4599 superficieex·
914 4535 968 4594 que
993 4517 1033 4580 ita
1057 4516 1160 4576 ambire
1183 4518 1260 4606 dias·
1277 4519 1383 4579 calatas

1251 4594 1398 4673 rmaginea‘
