3575 5509
569 638 907 729 BUCOLICA,
956 638 1090 715 ECL.
1133 641 1199 716 IV.
1332 662 1380 743 79

358 917 360 924 ,
396 844 532 917 tur03'id
556 859 662 924 poetam
687 843 794 903 traxisse
816 842 851 901 ad
875 841 985 900 octavii
1007 842 1130 920 prolem3
1151 842 1303 921 fastumque
1323 841 1380 903 hoe

396 949 556 1018 commode3
576 969 626 1007 nec
640 949 752 1014 obstare,
772 946 847 1024 quod
866 945 1030 1004 vaticinium
1048 960 1248 1018 eventumnon
1269 945 1379 1015 babuit,

395 1052 514 1129 suscepta
525 1049 643 1107 Otiavio
656 1069 671 1106 e
683 1046 828 1105 Scribonia
841 1046 909 1115 filia,
922 1066 978 1103 non
990 1065 1083 1123 puero.
1119 1046 1255 1105 Halienus
1265 1048 1301 1105 fic
1314 1047 1381 1106 satie

396 1156 465 1217 mihi
482 1156 627 1215 convenire
640 1174 704 1212 curn
716 1154 778 1210 viro
796 1131 890 1220 doliu,
910 1151 1011 1210 docent
1030 1151 1150 1230 superius
1171 1152 1254 1210 ditia.
1292 1151 1380 1233 Qud

397 1279 539 1340 nonaeque
557 1258 673 1338 probare
688 1256 803 1335 poliunt,
822 1255 857 1311 est
871 1252 1000 1320 studium,
1020 1254 1095 1329 quod
1119 1254 1161 1313 vir
1181 1254 1277 1314 dusius
1289 1257 1380 1333 posuit

397 1364 428 1424 in
440 1353 549 1445 singulis
563 1363 678 1421 versibus
698 1364 732 1420 ad
754 1376 856 1419 eertum
877 1360 994 1438 aliquem
1014 1381 1103 1419 rerum
1115 1376 1240 1420 eventurn
1253 1382 1380 1423 revocan-

397 1474 460 1543 dis3
481 1492 543 1530 nant
560 1468 649 1548 primo
668 1468 821 1526 adversatur
840 1467 891 1525 hoc
913 1467 1106 1527 vaticiniorum
1124 1469 1214 1528 induli
1226 1484 1254 1528 et
1266 1486 1382 1551 naturae,

398 1578 429 1636 in
441 1577 538 1655 quibis
551 1576 681 1633 summurn
695 1587 799 1630 tanturn
813 1592 902 1630 retum
914 1587 994 1649 caput
1006 1587 1033 1631 et
1051 1572 1139 1650 ipsum
1151 1574 1251 1634 salium
1266 1576 1380 1654 praedic·

398 1682 502 1739 tionem
522 1678 669 1747 constituit,
690 1677 794 1755 reliqua
814 1694 878 1734 veto
890 1674 983 1733 omnia
999 1674 1060 1733 sunt
1072 1676 1253 1753 phantasmata
1271 1678 1381 1756 poetica

399 1797 428 1843 et
439 1798 592 1843 ornamenta
613 1781 697 1840 animi
718 1799 849 1839 novarum
869 1799 959 1849 rerum
970 1777 1059 1857 specie
1072 1779 1202 1845 conracti,
1214 1799 1300 1859 neque
1311 1781 1382 1840 adeo
1412 1807 1417 1816 ·

400 1887 453 1947 five
472 1887 507 1946 ad
525 1886 613 1944 visum
631 1884 731 1963 ipsum,
751 1882 803 1940 five
825 1882 860 1938 ad
872 1894 1009 1946 eventum,
1029 1880 1256 1959 refertiposlunt3
1275 1881 1381 1961 alioqui

400 1994 505 2052 nullum
522 1995 557 2052 esi
574 1990 655 2050 facile
667 1988 839 2057 vaticinium,
858 1987 934 2065 quod
945 1986 1022 2044 suum
1036 2001 1159 2045 eventum
1172 1987 1248 2045 omni
1259 2008 1293 2045 ex
1305 2002 1382 2066 parte

400 2096 519 2154 habuisse
532 2094 590 2151 dici
602 2093 689 2171 possit.
729 2092 804 2150 Tum
817 2110 880 2149 vero
893 2090 947 2148 hoc
960 2089 1047 2168 ipsum
1057 2090 1173 2149 studium
1182 2091 1264 2150 nimis
1282 2090 1382 2151 subtile

402 2198 439 2256 ad
459 2196 574 2275 argutias
591 2209 618 2253 et
631 2193 711 2252 miras
723 2194 955 2273 interpretationes
971 2209 1086 2253 avocat:
1107 2196 1181 2272 quod
1193 2196 1260 2273 saepe
1279 2197 1382 2255 stilum

402 2299 493 2358 videas
501 2299 531 2357 in
540 2298 644 2358 vatibus
652 2298 740 2357 sacri&
760 2298 803 2355 Ita
814 2298 876 2355 eth.
884 2299 905 2355 l.
916 2300 998 2377 Atque
1009 2308 1096 2357 iterum
1113 2303 1153 2358 ad
1164 2300 1269 2379 Trojavn
1277 2325 1383 2381 magma

404 2411 515 2463 mittetur
522 2403 650 2463 Achilles.-
671 2403 706 2462 de
719 2402 843 2461 Antonio
860 2401 983 2461 adversus
997 2403 1108 2462 Parthos
1117 2406 1238 2483 profesto
1249 2405 1382 2484 interpre-

401 2518 475 2562 tatur
486 2504 529 2563 vir
541 2503 725 2583 sagacisfimus.
736 2502 828 2562 Silvas
837 2502 944 2582 Consule
952 2507 1042 2583 dignas
1051 2524 1106 2563 non
1113 2519 1212 2565 temere
1221 2507 1271 2565 esse
1280 2505 1384 2577 dilias3

402 2626 465 2667 nam
477 2612 548 2689 apud
561 2611 671 2669 Sueten.
710 2609 778 2668 Caes.
797 2601 842 2688 i9·
863 2612 1010 2670 Provincia
1012 2615 1113 2689 fitteris
1126 2612 1269 2689 Consulibus
1278 2615 1382 2673 decreta

404 2718 500 2776 minimi
514 2722 612 2794 negotii,
631 2719 661 2773 id
675 2717 708 2792 est
715 2715 801 2791 stlvae
817 2712 961 2795 vallesque:
983 2714 1055 2773 unde
1074 2717 1193 2796 colligit,
1206 2719 1297 2795 paullo
1317 2734 1382 2779 ante

405 2822 558 2881 Pollionem
578 2821 645 2879 Cos.
658 2820 732 2879 silvas
741 2819 894 2878 Consulum
906 2820 1051 2898 provincia*
1063 2821 1138 2880 fuisse
1150 2822 1300 2883 attributas.
1341 2828 1382 2885 At

402 2925 511 2984 enimin
520 2924 650 2985 Suetonio
661 2938 825 2982 memoratur
833 2921 950 3000 aliquid,
959 2924 1067 3001 quodad
1076 2930 1219 2986 minuendas
1230 2926 1382 2987 Consulum

405 3023 469 3110 opes
488 3032 576 3089 valere
599 3029 731 3099 debebat,
756 3027 840 3106 idque
862 3041 966 3084 tantum
986 3042 1106 3087 tentatum
1128 3029 1193 3098 fuit,
1212 3050 1261 3087 nec
1283 3031 1332 3088 nist
1354 3039 1384 3089 in

405 3157 478 3192 unum
501 3157 605 3202 annum,
625 3156 700 3212 neque
724 3131 809 3189 ullum
831 3147 947 3189 eventum
966 3128 1064 3187 habuit.
1110 3130 1254 3190 Probabile
1276 3153 1384 3212 quoque

405 3236 466 3295 rito
485 3239 567 3296 dolio
587 3238 629 3305 tit,
649 3251 740 3294 vatum
752 3234 932 3312 Judaicorum
949 3232 1058 3291 oracula
1074 3249 1160 3311 poetae
1177 3235 1253 3293 fuisse
1272 3237 1384 3314 cognita

405 3353 433 3398 et
451 3340 530 3409 lesia,
556 3339 632 3416 arqui
654 3340 732 3418 supra
758 3339 893 3398 monitum
915 3339 963 3405 esi,
987 3351 1042 3394 tarn
1065 3336 1151 3395 aliena
1172 3337 1248 3398 fuisse
1279 3339 1383 3400 Roma·

406 3460 503 3499 norum
522 3441 631 3519 ingenia
647 3457 674 3499 et
686 3442 772 3500 studia
784 3463 800 3500 a
811 3442 968 3517 Judaeorum
982 3441 1089 3511 litteris,
1111 3442 1300 3521 religionibus,
1321 3444 1382 3503 riti·

407 3542 459 3599 bus
471 3556 498 3598 et
509 3542 693 3620 opinionibus,
713 3557 743 3600 ut
761 3544 809 3601 vix
822 3559 867 3601 aut
885 3542 997 3603 leilioni
1017 3559 1109 3604 vatum
1129 3546 1223 3623 lingua
1243 3547 1383 3605 barbarica

407 3645 588 3724 loquentium,
602 3659 648 3702 aut
664 3645 876 3724 interpretationi
890 3666 978 3705 rerum
991 3646 1162 3705 obscurarum
1175 3664 1202 3707 et
1214 3650 1319 3728 prorsus
1332 3652 1382 3710 sibi

408 3750 611 3829 incognitarum
625 3767 759 3810 vacarent.
798 3752 938 3831 Qantum
959 3772 994 3812 ex
1004 3753 1122 3812 Horatio
1142 3756 1254 3833 aliisque
1273 3758 1384 3837 assequi·

406 3874 480 3924 mur,
487 3853 701 3933 superstitionum
709 3855 883 3931 judaicarum
894 3856 1021 3915 notitiam
1031 3856 1148 3934 aliquam
1160 3858 1319 3930 habuerunt,
1327 3882 1385 3923 non

407 3958 544 4016 sacrorum
562 3971 609 4014 aut
627 3973 729 4016 vatum.
769 3957 842 4016 Illud
858 3960 927 4017 reste
945 3957 1158 4016 animadversum
1177 3980 1192 4016 a
1212 3960 1272 4019 viro
1290 3964 1384 4032 dolio,

407 4062 494 4120 versus
511 4084 554 4121 rr.
567 4078 594 4122 et
608 4069 656 4123 61.
669 4084 724 4122 non
736 4062 878 4136 necessario
889 4062 998 4130 inferre,
1018 4076 1049 4120 ut
1062 4061 1185 4121 Pollione
1197 4065 1285 4123 adhuc
1303 4067 1381 4126 Con·

407 4168 463 4226 sule
476 4169 597 4227 nascatur
608 4190 684 4248 puer.
1390 4171 1392 4176 ¹

448 4273 522 4331 illud
540 4277 629 4332 notari
648 4276 738 4346 debet,
759 4275 806 4335 etfi
826 4288 1014 4355 argumentum
1027 4294 1061 4333 ex
1074 4276 1130 4355 ipsa
1142 4276 1198 4334 vita
1209 4276 1304 4334 rustica
1315 4274 1385 4352 peri·

408 4394 467 4436 tutn
481 4378 538 4436 dici
551 4397 675 4458 nequeat,
694 4383 733 4440 ita
745 4396 833 4441 tamen
847 4382 917 4440 illud
929 4382 979 4439 effe
990 4384 1144 4450 traclatum,
1163 4396 1193 4440 ut
1209 4380 1347 4439 sententiar
1357 4397 1386 4441 et

409 4481 538 4561 imagines
550 4503 639 4543 rerum
651 4486 702 4543 srve
715 4486 749 4544 ab
761 4507 793 4545 ea
805 4487 864 4574 vita
881 4486 934 4558 sive
946 4485 1030 4545 avita
1044 4483 1283 4566 antiquiffimorum
1295 4484 1385 4545 horni-

1317 4606 1385 4652 num
