3575 5509
526 698 713 814 noun
748 697 1127 814 torrionis.
1173 673 1334 795 xxxin

348 909 451 1013 festi,
481 913 701 1015 sencenties'
721 921 1009 1003 obtruduntur?
1051 915 1231 1032 inprimis
1264 926 1334 1008 ubi
1422 1005 1427 1014 .

348 1059 489 1139 melior
500 1060 585 1168 jam
603 1060 722 1140 lectio
743 1060 784 1139 in
800 1058 915 1139 bouis
933 1060 1170 1141 editionibus
1185 1061 1332 1171 ubique

347 1180 587 1301 vulgataest.¹
647 1192 865 1273 Subtilitate
880 1194 1024 1303 majore
1038 1192 1137 1274 forte
1155 1195 1194 1274 in
1209 1193 1329 1305 scrip·

347 1326 496 1407 toribus
516 1353 658 1435 parum
675 1327 968 1434 perpolitisaut·
986 1328 1028 1407 in
1055 1329 1150 1408 locis
1166 1342 1330 1438 'corrup-

320 1462 400 1540 ·tis
414 1489 514 1571 opus
549 1460 615 1541 est.
665 1460 743 1541 -Est'
761 1462 834 1543 alia
856 1464 1030 1558 varietas,
1059 1487 1147 1573 quae
1174 1484 1248 1544 nec
1286 1466 1329 1546 in

346 1592 547 1675 sententiae
573 1621 644 1676 nec
676 1599 728 1677 in·
751 1600 934 1679 orationis
964 1602 1088 1679 nitore
1116 1600 1331 1709 quicquam

346 1748 475 1810 mutat
485 1767 502 1823 ·;
528 1750 571 1811 ut
585 1757 724 1839 parum
740 1753 804 1813 aut
819 1734 919 1815 nihil
938 1730 1090 1830 referat,
1105 1753 1192 1814 utro
1207 1731 1331 1814 inodo

344 1866 464 1975 legas.
495 1863 498 1868 ’
513 1868 603 1949 Ubi
621 1870 834 1951 lectionem
848 1891 1040 1980 receptam
1055 1890 1093 1950 et
1112 1869 1236 1979 ipsam
1252 1868 1330 1948 b'o·

330 2001 437 2080 nam
455 2000 529 2082 effe
545 2003 692 2098 videte,
723 2034 791 2084 cur
811 2025 899 2085 eam
914 2026 1041 2084 mutes
1061 2003 1183 2113 eaque
1198 2021 1329 2082 muta·
1432 2109 1434 2118 J

344 2137 453 2215 tione
472 2136 661 2244 majorem
681 2138 898 2218 molestiam
915 2136 1073 2230 inferas,
1104 2159 1225 2247 quam
1242 2137 1330 2214 uti·
1427 2127 1431 2140 ’

314 2347 317 2352 ,
347 2272 530 2351 litatemt
586 2271 655 2351 Est
673 2274 760 2365 alia,
781 2272 849 2352 ubi
876 2274 917 2353 in
945 2290 1149 2383 utramque
1176 2272 1330 2379 partem

344 2407 509 2486 rationes
527 2406 682 2516 poliunt
705 2404 912 2490 memorari
939 2410 1112 2489 idoneae:
1144 2436 1225 2518 quo
1238 2406 1328 2515 jure

344 2543 543 2650 vulgatam
562 2542 724 2640 deseras,
746 2547 906 2626 alteram
924 2546 1199 2653 amplectaris?
1228 2542 1331 2621 Sunt·
1458 2532 1461 2537 i

345 2676 614 2772 innumeram
627 2681 768 2788 quibus
779 2708 867 2760 vera
877 2678 1070 2788 scriptoris
1086 2658 1203 2771 ratic,
1215 2703 1330 2756 mens
1353 2778 1355 2781 Ι

267 2914 270 2919 ,
348 2830 387 2890 et
402 2807 504 2906 usuS,
517 2805 519 2812 ’
534 2842 628 2904 non,
644 2812 728 2895 nist
746 2814 829 2924 ipso
854 2819 1010 2895 auctore
1037 2808 1326 2925 pronuntiante,

348 2947 517 3029 constare
531 2948 680 3059 potest:
711 2950 782 3030 nist
801 2978 892 3030 eum
907 2978 957 3028 ex
975 2949 1107 3030 inferis
1120 2954 1330 3030 evocatum

347 3083 477 3164 audire
494 3084 646 3163 licuerit
666 3082 713 3162 de
731 3081 769 3163 se
786 3084 1121 3192 pronuntiantem,
1149 3080 1238 3190 quis
1249 3079 1330 3158 'tibi

342 3218 408 3327 jus
428 3219 468 3297 in
493 3246 586 3299 eum
615 3218 736 3313 dedit,
765 3239 808 3299 ut
832 3237 873 3299 tu
899 3246 971 3326 pro
994 3208 1041 3296 eo
1069 3213 1326 3323 pronunties?

348 3349 457 3457 Qin
475 3355 660 3463 relinquis
675 3354 730 3447 id,
761 3354 867 3463 quod
895 3352 1011 3433 semel
1031 3350 1231 3432 volumina
1257 3374 1328 3429 oc·

346 3492 558 3595 cupavitet'
575 3492 639 3569 cui
665 3492 783 3599 longo
810 3489 879 3570 usu
907 3511 944 3569 et
971 3474 1137 3569 letitione
1165 3478 1342 3566 assuevi-'

348 3630 474 3706 mus?
531 3625 708 3706 Omnino
726 3629 883 3706 minutis
910 3625 970 3706 his
999 3646 1036 3704 et
1068 3623 1258 3716 exilibus,
1285 3622 1327 3701 in

302 3832 305 3843 ,
344 3760 493 3871 ςυζίὺυε
526 3763 650 3871 major
686 3760 825 3843 harum
854 3791 983 3842 rerum
1020 3788 1106 3870 pars
1133 3755 1324 3849 versatur,

348 3899 472 3978 animi
489 3918 526 3978 et
545 3899 692 4009 ingenii
711 3927 871 3979 acumen
891 3918 927 3978 et
941 3901 1133 4005 impetum
1152 3894 1276 4006 frangi
1290 3923 1329 3979 et

348 4036 458 4114 atteri
474 4036 679 4118 molestum
693 4035 760 4116 est.
819 4039 911 4143 Qo
927 4032 1009 4142 ipso
1025 4031 1174 4114 factum
1187 4032 1253 4121 est,
1284 4050 1328 4111 ut

348 4171 628 4277 magniCritici
646 4171 694 4251 ad
707 4200 834 4252 rerum
848 4170 1041 4251 summam
1054 4190 1091 4250 et
1107 4167 1330 4277 argumenti

345 4306 619 4387 tractationem
646 4307 959 4418 tradationisque
986 4326 1121 4400 artem,
1150 4303 1250 4413 saepe
1277 4300 1328 4381 ad

349 4439 515 4554 fingulas
537 4440 754 4539 sententias,
784 4465 865 4525 tam
892 4472 1032 4552 parum
1058 4440 1297 4522 attenderent
1311 4472 1327 4527 ς

403 4580 530 4661 ToM.
554 4608 590 4662 1.
720 4637 723 4644 ·
763 4668 766 4677 ,
885 4609 907 4659 c
1209 4591 1330 4678 utque
