3575 5509
431 636 476 724 78
574 625 614 702 Ρ.
642 625 927 720 vincturi
971 630 1261 730 Minoum
1346 667 1349 676 ·

428 847 548 910 tanquam
559 840 682 890 mairem
692 848 716 890 et
728 837 847 911 catffzm,
867 837 1045 898 mutationem
1060 841 1183 902 omnium
1201 802 1291 906 rehum
1309 861 1413 931 expeca'

427 937 548 1002 tandam,
562 935 667 995 referre.
698 986 704 997 .

354 1117 363 1138 ἱ
466 1037 588 1100 Noluere
600 1062 682 1120 porro
695 1044 749 1103 viri
762 1045 835 1104 dosii
848 1047 918 1106 hanc
928 1049 1059 1128 Eclogam
1072 1051 1143 1110 inter
1152 1054 1280 1117 Bucolica
1294 1062 1405 1137 reseni3

327 1209 331 1214 p
426 1162 487 1225 quae
507 1166 549 1204 ree
566 1148 679 1205 omnino
699 1168 734 1206 ex
754 1150 831 1227 hujus
851 1154 978 1211 carminis
990 1155 1101 1214 notione
1115 1175 1146 1216 ac
1159 1160 1320 1224 definitione
1329 1169 1403 1243 judi-

425 1251 512 1309 canda
525 1253 569 1309 est.
611 1252 654 1311 De
666 1253 831 1312 obscuritate
848 1258 974 1315 carminis
992 1276 1128 1337 perperam
1143 1281 1344 1342 conqueruntur
1354 1270 1403 1329 ho·

425 1351 608 1422 mueuoai,
626 1358 844 1434 quandoquidem
858 1360 912 1417 iii
925 1360 1010 1439 ipsum
1024 1363 1059 1420 ar
1071 1364 1197 1423 vaticinii
1209 1354 1329 1428 iiiiii-m
1341 1352 1401 1448 pii.

424 1456 505 1527 tinet,
524 1473 555 1515 ut
573 1476 622 1535 per
638 1458 762 1539 ambages
780 1459 919 1522 obscurata
936 1466 968 1523 fit
980 1468 1078 1526 oratio.
1118 1468 1193 1527 Tum
1208 1488 1272 1531 vero
1284 1474 1403 1552 fingnloa·

424 1559 513 1619 versus
525 1562 558 1620 ad
572 1562 703 1641 fingulare
722 1563 833 1642 aliquod
854 1566 963 1626 istomm
986 1583 1134 1648 temporum
1156 1572 1257 1633 fastum
1277 1595 1400 1637 revocare

423 1667 503 1734 velle,
522 1687 576 1725 non
589 1668 678 1726 minus
689 1668 768 1727 inane
779 1670 894 1728 studium
913 1673 959 1740 est,
979 1694 1058 1749 qnam
1071 1676 1145 1752 quod
1163 1676 1320 1757 interpretes
1338 1699 1399 1738 ora-

421 1771 545 1830 culorum
556 1770 690 1830 sacrorum
702 1770 777 1849 sequi
788 1772 888 1841 videas,
908 1795 970 1831 cum
987 1775 1090 1853 singula
1100 1777 1279 1855 phantasmata
1293 1787 1404 1851 vatum,'

421 1876 586 1953 tamquamfi
599 1876 630 1933 in
641 1876 782 1935 annalibus
795 1876 889 1935 Taciti
903 1878 1016 1956 alicujus
1029 1880 1175 1948 versentur,
1194 1882 1262 1940 inter
1272 1881 1341 1960 ipsas
1353 1904 1396 1941 res

419 1980 503 2060 geslas
515 1980 652 2051 referunt;
671 1996 698 2039 et
716 1982 822 2059 poetica
839 1999 994 2041 ornamenta
1013 1984 1047 2041 ad
1067 1986 1200 2043 fastorum
1211 1985 1290 2044 sidem
1301 1989 1403 2066 explo-¹

418 2099 489 2142 rant.
529 2082 619 2141 Etiam
642 2083 783 2141 Lowthius
805 2084 914 2141 Summe
933 2085 1005 2143 Ven.
1020 2085 1111 2162 Episc.
1133 2086 1254 2145 Londiu.
1276 2087 1393 2147 Praeleti.

418 2184 497 2243 XXI
512 2186 617 2244 erudite
633 2185 729 2244 dehac
743 2185 848 2263 Ecloga
861 2187 929 2265 agit,
942 2207 1053 2264 eamque
1065 2188 1176 2248 omnino
1187 2190 1313 2268 expediri
1324 2194 1394 2269 posse

417 2307 508 2371 negat,
522 2314 571 2351 nec
585 2292 700 2350 multum
713 2292 793 2361 abest,
812 2292 878 2369 quin
896 2292 944 2349 fibi
957 2292 1123 2370 persuadeat,
1142 2314 1198 2352 non
1209 2295 1264 2353 sine
1273 2295 1331 2354 veri
1347 2297 1393 2355 dei

416 2400 506 2455 afflatu
517 2416 576 2454 eam
587 2395 713 2474 scriptam
725 2397 784 2453 esse.
824 2394 854 2453 Si
867 2396 926 2472 quis
938 2410 1027 2454 tamen
1039 2396 1132 2456 animo
1144 2413 1259 2477 reputet,
1278 2398 1391 2457 aliorum
1443 2439 1445 2444 .

415 2519 521 2579 quoque
533 2500 705 2579 populorum,
725 2513 820 2577 praeter
832 2499 951 2574 Judaeos,
970 2499 1047 2558 vates¹
1055 2515 1082 2558 et
1093 2501 1223 2559 vaticinia
1235 2502 1304 2561 olim
1316 2502 1391 2561 fuisse

414 2624 562 2683 permagno
579 2588 707 2671 numerb3
728 2621 820 2659 eorum
840 2621 921 2679 porro
937 2617 1029 2666 vatum
1046 2603 1157 2681 ingenia
1176 2623 1235 2675 non·
1249 2604 1336 2663 minus
1348 2603 1395 2661 in·'

413 2712 520 2771 caluisse
529 2707 752 2789 phantasmatibus
761 2721 788 2765 et
798 2706 858 2764 vifis
867 2706 994 2785 poeticis,
1006 2706 1050 2765 seu
1061 2707 1197 2785 poeticum
1209 2687 1333 2765 ornatum
1342 2707 1389 2765 ad-

369 2861 372 2864 -
413 2816 597 2884 mittentibus3
618 2798 771 2893 quntiesque
792 2814 822 2872 in
842 2814 939 2872 eodem
960 2828 1117 2891 argumento
1142 2814 1186 2872 seu
1205 2814 1387 2871 calamitatum
1419 2881 1422 2890 .

409 2919 639 3001 praedicendamm
652 2918 697 2976 seu
710 2913 848 2976 felicitatis
859 2918 975 2997 publicae
983 2918 1145 2997 privateque
1153 2918 1321 2975 ostendenda
1329 2935 1387 2973 ver-

408 3030 538 3096 sarentur,
550 3026 691 3086 necessario
704 3025 734 3084 in
747 3027 839 3085 eadem
852 3044 940 3085 rerum
953 3025 1192 3103 phantasmaticos
1205 3025 1326 3083 incidere
1338 3025 1384 3081 de·

409 3133 510 3191 buiffe:
530 3153 585 3192 non
598 3133 665 3189 adeo
678 3130 830 3197 mirabitur,
848 3128 1017 3186 adumbratas
1029 3130 1078 3186 esse
1092 3128 1123 3185 in
1135 3127 1188 3185 hnc
1206 3126 1336 3195 carmine,
1355 3141 1386 3183 ut

409 3237 438 3295 in
458 3252 500 3296 tot
519 3237 589 3305 aliis,
610 3256 697 3294 return
716 3234 813 3314 species
833 3254 864 3292 ac
886 3234 986 3291 formas
1002 3253 1036 3291 ex
1056 3247 1133 3292 aetate
1146 3250 1225 3305 aurea
1242 3231 1385 3290 adumbra-

407 3359 459 3410 tas,
478 3342 564 3418 iisque
577 3341 683 3408 similes,
702 3360 761 3416 quae
772 3339 803 3396 in
816 3339 960 3397 Hebraicis
972 3338 1079 3396 vatibus
1092 3349 1253 3407 occurrunt3
1274 3333 1384 3394 utillud

406 3427 525 3514 taceamJ
539 3445 567 3501 in
588 3460 686 3521 magno
704 3443 753 3500 illo
765 3442 959 3519 Sibyllinomm
971 3443 1141 3500 oraculorum
1160 3437 1283 3506 nurnero,
1302 3455 1383 3515 quem

405 3548 496 3625 paullo
509 3562 570 3604 ante
582 3545 710 3611 vidimus,
730 3546 815 3603 multa
829 3545 879 3602 elle
891 3546 1011 3603 debuisse
1023 3565 1039 3602 a
1052 3544 1126 3621 Syris
1138 3558 1164 3600 et
1178 3541 1280 3617 Judaeis
1292 3537 1388 3597 homi·

403 3651 483 3709 nibus
498 3668 654 3731 propagata.

442 3754 564 3814 Pervenit
573 3756 692 3834 nuperin
700 3773 791 3815 manus
800 3752 1095 3826 nostraslibellus‚dam.
1103 3750 1263 3830 chley‚viri
1271 3748 1381 3809 dosiiet

401 3859 531 3936 elegantis
542 3861 646 3938 ingenii
655 3862 853 3938 (Obsettvations
866 3882 897 3919 on
910 3861 951 3919 the
964 3860 1063 3939 Subjeli
1071 3867 1105 3939 of
1106 3859 1148 3916 the
1159 3856 1252 3916 Founh
1262 3852 1379 3932 Ecloguti

404 3962 490 4041 1788)
517 3961 547 4019 in
570 3984 624 4039 quo
647 3961 693 4020 ille
716 3963 855 4031 Lowthio,
867 3962 939 4020 Ven.
951 3961 1010 4019 viro
1028 3977 1102 4018 nunc
1116 3959 1195 4016 inter.
1206 3954 1310 4015 coelites
1330 3953 1379 4011 ad·

399 4066 486 4132 miffo,
506 4067 643 4134 concedit,
662 4065 850 4125 incredibilem
872 4068 922 4123 esse
942 4063 1097 4123 consensum
1118 4062 1189 4119 inter
1204 4076 1295 4117 vatum
1317 4056 1377 4114 He·

399 4167 553 4225 braicorum
575 4169 635 4226 loca
654 4184 682 4227 et
705 4170 836 4249 Eclogam
848 4168 965 4246 Virgilii
978 4181 1116 4243 quartam;
1136 4182 1187 4222 nec
1200 4177 1289 4220 tamen
1308 4159 1377 4218 adeo

397 4270 434 4327 ad
447 4270 542 4330 incitas
555 4294 609 4331 rem
627 4274 742 4344 rediisse,
763 4290 793 4333 ut
812 4296 874 4333 cum
895 4294 928 4333 eo
939 4274 1106 4331 statuendum
1120 4272 1162 4342 fit,
1182 4282 1203 4309 ‘⁸
1216 4269 1313 4328 divino
1324 4289 1374 4327 nu·

361 4390 364 4394 ’
397 4385 419 4412 “
431 4377 504 4436 mine
523 4383 673 4439 contaiium
687 4398 773 4461 poetae
793 4384 869 4441 luisse
881 4383 1031 4442 animum.'’
1072 4380 1167 4438 Rornae
1182 4378 1255 4436 enim
1268 4374 1376 4433 dudum

394 4495 455 4540 ante
467 4482 523 4541 haec
536 4500 656 4566 tempora
675 4488 831 4547 increbuisse
851 4489 991 4547 oraculum
1010 4485 1174 4563 Sibyllinum
1187 4484 1222 4540 de
1233 4500 1296 4559 rege
1309 4498 1373 4536 ven·

1217 4607 1219 4612 ·
1283 4596 1365 4651 turo;
