3575 5509
600 765 605 773 ,
655 617 1004 762 come-rsus
1043 677 1171 758 Mas.
1317 709 1408 771 mx

423 886 542 966 modo
555 882 682 982 potest,
710 882 847 953 cumis
875 895 1017 952 tantum
1040 880 1234 955 correxerit
1254 882 1405 979 librum,
1496 885 1504 890 ”

422 1006 450 1083 li
471 1006 583 1081 modo
604 1004 768 1089 correxit,
792 1027 865 1094 non
886 1001 1121 1099 descripserit.
1172 1005 1272 1107 Qid
1291 1008 1402 1107 igitur

419 1130 537 1227 Julius
559 1130 710 1204 Sabinus
734 1129 772 1198 in
785 1126 926 1225 judicio
949 1125 1012 1199 suo
1035 1126 1201 1225 sequutus
1224 1132 1277 1222 srt,
1300 1151 1401 1209 tanto
1502 1133 1504 1140 '

417 1253 599 1330 difficilius
615 1251 666 1324 est
680 1248 810 1337 dicere,
835 1250 1035 1322 cumidem
1060 1250 1097 1322 in
1113 1254 1291 1327 nonnullis
1311 1256 1399 1329 locis

418 1376 670 1473 Apronianum
690 1372 833 1446 mutasse
855 1372 952 1446 dieat
975 1375 1031 1445 vel
1052 1372 1222 1447 sustulisse
1241 1398 1292 1463 ea,
1315 1399 1399 1473 quaa

415 1496 456 1570 in
481 1496 653 1570 Modiceo
681 1494 805 1569 codice
826 1495 946 1570 reuera
977 1494 1109 1568 videas.
1159 1496 1218 1570 Sic
1240 1496 1324 1571 AEn.
1347 1496 1398 1586 ll,

418 1620 467 1717 76
484 1617 623 1691 versum
638 1618 688 1690 ait
702 1616 747 1690 ab
764 1616 975 1715 Aproniano
991 1616 1057 1690 else
1071 1616 1250 1691 sublatum
1259 1656 1270 1705 ;
1287 1620 1325 1692 is
1341 1637 1398 1692 ta·
1491 1698 1497 1708 ,

417 1740 698 1837 menMediceo
723 1738 864 1813 accessit
885 1763 907 1811 a
933 1764 1042 1813 manu
1072 1739 1223 1814 secunda
1235 1744 1266 1814 ⁴³.
1315 1737 1396 1812 Nifi

366 1889 369 1895 ·
413 1867 536 1964 itaque
549 1866 664 1962 Julius
685 1864 834 1939 Sabinus
853 1866 1051 1939 admodum
1067 1865 1256 1939 oscitanter
1272 1865 1337 1937 hac
1355 1866 1394 1938 in

413 2007 453 2065 re
464 1990 619 2065 versatus
634 1990 704 2062 est:
723 1987 919 2062 dicendum
936 1990 998 2074 est,
1009 2013 1092 2062 eum
1106 1989 1202 2061 aliud
1214 1987 1395 2084 exemplar

412 2109 583 2198 habuisse,
606 2110 705 2206 quod
726 2108 926 2205 Aproniani
950 2133 1059 2182 manu
1082 2108 1311 2181 emendatum
1334 2124 1395 2181 aut

413 2231 498 2305 esset
526 2249 587 2305 aut
619 2248 815 2328 putaretur.
867 2228 996 2327 Qid?
1018 2230 1116 2327 quod
1136 2230 1235 2304 idem
1260 2229 1322 2304 ille
1348 2229 1394 2305 ad

410 2351 582 2429 Bucolica
593 2352 717 2451 paslim
731 2378 802 2425 non
817 2354 927 2427 modo
938 2352 1117 2442 sessiones,
1141 2377 1267 2427 verum
1282 2354 1391 2428 etiam

410 2470 643 2577 etymologias
667 2498 703 2552 et
722 2479 1028 2577 interpretationes
1044 2480 1243 2577 Aproniani
1258 2477 1389 2567 laudat,
1478 2461 1486 2478 ¹

409 2624 496 2698 quas
512 2601 606 2675 unde
621 2600 786 2691 hauserit,
810 2601 970 2675 nondum
989 2603 1118 2699 reperi,
1142 2626 1178 2675 v.
1193 2627 1226 2678 c.
1242 2604 1289 2677 ad
1299 2589 1386 2677 Ber.

410 2724 482 2814 ΙΙΙ,
501 2734 558 2800 18.
575 2724 603 2813 Ι,
621 2725 654 2797 6.

456 2850 612 2940 Primus,
635 2874 746 2947 quem
769 2850 866 2923 hunc
883 2849 1019 2922 librum
1038 2850 1219 2948 possedisse
1238 2851 1387 2942 constat,

407 2976 476 3051 fuit
508 2973 722 3070 Rudolphus
757 2972 853 3063 Pius,
878 2972 1075 3046 Cardinalis
1104 2975 1299 3071 Carpenfis,
1322 2974 1388 3045 sub

332 3122 333 3127 ’
407 3102 530 3177 Paullo
546 3100 616 3174 111.
637 3098 678 3171 Ρ.
693 3098 750 3171 Μ.
763 3100 824 3195 qui
841 3122 925 3172 eum
940 3098 1078 3172 Achilli
1090 3098 1204 3171 Statio
1220 3097 1388 3170 evolven-

406 3222 497 3299 dum
508 3220 698 3323 permisrsse
714 3222 864 3311 videtur,
887 3222 989 3322 cujus
1004 3222 1115 3295 etiam
1130 3219 1280 3293 disticha
1295 3240 1387 3290 non-

381 3359 387 3369 ⁴
406 3348 504 3423 nulla
524 3347 633 3421 fronti
653 3346 788 3420 codicis
808 3350 958 3445 praefixa
976 3348 1160 3446 leguntur3
1185 3370 1269 3419 mox
1286 3343 1384 3418 idem

406 3464 618 3564 Rudolphus
634 3491 719 3540 eum
735 3467 963 3543 bibliothecae
979 3467 1160 3542 Vaticanae
1175 3469 1320 3567 legavit,
1343 3484 1385 3541 ut

402 3612 452 3662 ex
468 3590 556 3663 Aldi
568 3592 832 3692 Orthographia
854 3595 964 3670 latina
978 3593 1129 3668 docuere
1146 3593 1213 3667 viri
1228 3594 1324 3667 dotti
1336 3595 1382 3683 †;

1273 3728 1295 3777 e
1311 3726 1382 3801 qua

438 3896 460 3932 ⁴
480 3899 546 3958 Alia
556 3903 680 3981 exempla
691 3923 720 3962 v.
730 3900 786 3972 1v,
801 3920 855 3984 273
870 3902 939 3967 Var.
951 3904 1027 3965 lats
1042 3918 1071 3965 et
1084 3909 1149 3985 298.
1162 3911 1228 3987 528.
1248 3929 1250 3931 ’
1267 3902 1333 3964 Una
1343 3904 1381 3963 est

400 3983 483 4045 laeuo
494 3989 544 4050 lib.
557 3989 613 4060 IV,
626 3997 682 4069 663
699 3994 815 4063 mediam,
834 4012 916 4072 quam
928 4008 1066 4074 tamquam
1078 3997 1265 4075 Apronianam
1276 3996 1381 4063 laudat,

399 4076 502 4243 (ἐξείη
513 4076 685 4159 sogginiano
696 4082 844 4162 exemplari
862 4103 921 4143 nou
932 4086 1064 4147 occurrit.
1102 4084 1172 4146 Item
1188 4086 1243 4146 alia
1255 4083 1310 4148 lib·
1325 4081 1380 4149 XI»

437 4252 457 4311 s
477 4252 520 4311 Ea
541 4257 645 4319 ratione
662 4261 720 4331 haec
739 4263 887 4343 exposuisse
906 4265 1042 4335 videmur,
1062 4286 1116 4343 qua
1136 4262 1303 4326 dubitationi
1323 4260 1378 4324 1³1².

397 4338 603 4443 Ilenedidinor.
622 4351 642 4409 1.
655 4352 675 4411 l.
687 4372 715 4431 p·
728 4372 764 4433 52
780 4359 819 4431 (a)
833 4371 1011 4427 occurratur3
1030 4356 1078 4415 etsi
1089 4356 1173 4436 vulgo
1184 4355 1309 4414 Achilles
1317 4353 1378 4412 Sta-

397 4442 451 4490 1¹⁰⁸
462 4432 535 4498 inter
545 4440 695 4517 possessores
706 4441 813 4501 codicis
825 4444 951 4513 refertur.
990 4446 1125 4505 Caeterum
1147 4444 1218 4505 male
1235 4444 1293 4503 haec
1315 4462 1377 4501 nar·

396 4534 455 4579 tata
472 4525 544 4599 sunt,
563 4529 583 4589 fi
607 4528 783 4591 Galluzzium
805 4534 947 4595 audiamus
971 4535 1012 4612 (in
1024 4537 1108 4596 Storia
1127 4535 1171 4594 del
1188 4536 1263 4593 Gran
1279 4534 1379 4589 Ducato

396 4610 425 4667 ‘¹‘
440 4609 553 4692 fiſsura
563 4622 612 4699 sed
624 4644 736 4704 ganeruo
752 4625 793 4685 ἅθ’
801 4623 918 4704 Medici)
928 4626 987 4702 lib.
1005 4625 1033 4699 J,
1051 4646 1079 4691 c·
1101 4645 1146 4689 ta·
1167 4622 1267 4683 Codex
1278 4633 1335 4679 erat
1347 4618 1379 4677 in

434 4702 521 4770 Tou.
538 4727 560 4776 r,
948 4716 969 4773 d
1267 4707 1384 4770 cimeliis
