3575 5509
562 670 971 773 GEORGICON,
1022 681 1139 758 LIB.
1192 678 1260 785 H.¹
1311 682 1387 781 383
1451 748 1455 755 .

398 893 483 973 Non
500 918 556 968 res
572 891 760 977 Romanae,
774 888 1003 985 perituraque
1020 907 1149 983 tegna,
1181 906 1297 978 neque
1312 883 1387 974 ille,

397 1037 472 1112 Aue
488 1031 606 1108 doluit
621 1025 790 1102 miserans
808 1024 967 1118 inopem,
983 1036 1045 1091 aut
1063 1018 1193 1092 invidit
1209 1020 1370 1093 habenti.

430 1252 486 1316 498.
505 1267 538 1298 ree
550 1250 647 1297 comante
663 1242 773 1293 Reillriue
793 1238 945 1298 emendabat,
963 1237 989 1287 id
1008 1236 1050 1297 est,
1066 1238 1181 1312 Armerrae
1197 1238 1237 1288 rel
1255 1238 1391 1301 Parthica

394 1343 455 1377 eum
473 1328 603 1389 indignum
621 1332 703 1387 poeta,
721 1319 856 1386 etquidem
875 1320 997 1375 Romano,
1016 1316 1055 1375 lit,
1065 1316 1240 1382 rempublicam
1251 1320 1394 1372 Romamn

394 1392 495 1474 peritura
506 1420 572 1468 regna
583 1399 719 1467 appellare·
744 1396 806 1447 conf.
821 1398 914 1445 Noram
924 1393 1040 1443 nostram.
1072 1393 1157 1442 Simile
1168 1394 1219 1443 fere
1235 1410 1337 1443 acumen
1349 1408 1392 1451 ar.¹

329 1467 336 1476 ’
397 1476 679 1548 gutantis'Grammatici
695 1473 729 1524 est
745 1473 809 1539 apud
820 1470 943 1521 Rufinian.
959 1470 990 1519 de
1013 1469 1100 1519 schem.
1121 1471 1193 1522 Dian.
1214 1488 1268 1537 pag.
1283 1474 1339 1533 267,
1349 1477 1394 1536 qna

400 1560 484 1608 locum
496 1556 559 1605 inter
571 1572 610 1604 eas
620 1554 709 1620 figurae
719 1551 803 1611 refert,
822 1565 877 1599 cum
889 1549 969 1599 dicere
986 1548 1112 1597 manifeste
1134 1565 1221 1614 parum
1239 1561 1321 1599 tutum
1338 1545 1392 1599 esla‘

401 1633 501 1685 noluisse
522 1634 582 1684 adeo
600 1632 732 1704 Viggiliurn
744 1630 839 1682 dictam
857 1631 909 1680 Nar
930 1645 964 1678 rer
980 1630 1083 1677 Rerum
1097 1632 1211 1694 peritura.
1243 1630 1392 1695 Arguramir

318 1724 323 1730 ’
403 1710 564 1762 Grammatiei
573 1720 807 1775 aeramen-499.
814 1707 911 1777 narsetem
921 1718 963 1755 aut
970 1706 1098 1756 minvidit
1109 1706 1216 1769 Zulicn,
1226 1706 1394 1775 exinmpoh.

403 1789 478 1840 tiooe.
500 1781 510 1796 ⁴

394 1982 496 2064 scripta
514 1988 564 2046 esse
584 1998 612 2047 et
635 1983 759 2044 feruntur
775 1997 805 2042 et
828 1982 872 2041 vi·
922 1979 995 2040 Daci
1008 1982 1171 2045 rebellarunt
1184 1984 1231 2067 Q
1247 1986 1395 2047 Tuberone

398 2060 511 2136 dentur,
544 2066 616 2123 inter
648 2062 873 2139 consanguineos,
921 2072 949 2116 et
973 2058 1068 2120 Paullo
1085 2061 1171 2122 Fabio
1196 2066 1270 2125 Coss.
1291 2067 1331 2124 U.
1353 2067 1392 2126 C.

399 2140 542 2199 Phraatem
563 2156 591 2199 et
612 2140 780 2209 Tiridatem,
807 2156 873 2216 quoa
923 2151 991 2215 7'43,
1018 2140 1053 2195 ad
1078 2162 1158 2219 quem
1189 2154 1288 2200 annum
1317 2142 1395 2203 llori

399 2236 450 2350 per
476 2218 572 2276 fratres
598 2218 729 2285 declarat,
759 2216 872 2308 agitata.
921 2215 1343 2279 locuaresercnduselievidetur.
1356 2219 1395 2280 cl}

422 2313 472 2352 ane
491 2295 572 2354 etiam
595 2298 626 2353 in
646 2295 777 2355 Armenia
788 2294 873 2371 maj0·
922 2291 1033 2351 Sueton.
1054 2294 1153 2356 Oelav.
1172 2316 1198 2354 c.
1220 2316 1267 2357 ar.
1305 2300 1396 2357 Caere⁴

401 2390 443 2441 re,
474 2391 537 2430 cum
574 2373 696 2433 Artaxiae
724 2371 875 2429 Artabazes
923 2388 984 2428 rum
1003 2371 1166 2449 Epicuream
1184 2374 1341 2454 sapientiam
1360 2377 1396 2435 ab
1463 2387 1465 2390 ’

399 2449 474 2507 filius
507 2448 668 2518 successisset,
707 2450 808 2508 bellum
846 2445 873 2505 ei
923 2445 1001 2505 omni
1023 2449 1163 2529 republica
1185 2452 1308 2511 homines
1331 2473 1396 2513 avo·

400 2526 485 2586 civile
509 2546 525 2584 a
548 2525 673 2607 Tigrane
696 2527 790 2597 fratre,
817 2524 876 2583 Ro·
924 2525 1001 2591 caffe,
1020 2545 1061 2583 res
1080 2528 1115 2584 est
1132 2527 1194 2587 satia
1213 2545 1279 2589 nota
1296 2534 1395 2591 velex

401 2625 446 2663 ma
464 2604 499 2664 ab
518 2605 646 2664 Armenia
667 2605 797 2673 arcessito,
816 2622 876 2659 mc·
924 2601 1067 2661 Ciceronis
1078 2603 1317 2683 disputationibus.

401 2697 461 2741 tum
488 2683 526 2741 est
533 2706 541 2753 3
573 2699 666 2741 verum
687 2681 744 2742 haec
768 2680 799 2739 in
827 2698 876 2736 an·
945 2685 1029 2755 ‘498.
1044 2693 1262 2765 perdurarem,
1293 2708 1335 2745 uae
1350 2705 1396 2766 po-

402 2779 469 2819 num
494 2781 563 2842 734,
585 2759 722 2820 decimum
745 2777 762 2815 a
782 2774 876 2890 prppria
922 2771 1012 2838 reunt,
1031 2758 1146 2830 aaran,
1171 2761 1202 2818 in
1220 2708 1314 2842 prosam
1342 2764 1396 2824 im«

402 2838 528 2907 Astiaca,
553 2836 707 2920 proximum
726 2849 788 2893 ante
836 2832 874 2890 ir·
924 2831 1061 2921 periorum
1101 2837 1202 2906 ruinas,
1238 2843 1396 2910 eversiones,

402 2914 466 2993 gilii
479 2952 483 2958 .
495 2915 614 2982 obituro,
638 2914 776 2972 incidunt.
804 2908 875 2968 ¹rid.
923 2908 1048 2969 interitus
1060 2912 1100 2971 nil
1117 2934 1210 2987 curat3
1228 2930 1256 2973 at
1276 2937 1310 2975 ue
1328 2919 1398 2975 adeo

335 3029 343 3036 -
402 2991 462 3051 Dio
489 2991 570 3061 LIV,
596 3011 626 3068 9.
664 2992 791 3049 Catroeus
814 2984 890 3065 qui·'
922 3010 963 3053 res
976 2989 1098 3049 Romane
1114 2990 1236 3070 intellige
1316 2992 1397 3051 vicis·

401 3070 466 3127 dern
480 3070 625 3129 secundam
644 3068 763 3145 aliquam
781 3065 874 3123 Geor·
923 3062 1052 3124 situdinea
1086 3082 1114 3127 et
1146 3068 1256 3128 fortuna
1289 3067 1398 3149 imperii

403 3146 528 3225 gicorum
551 3145 732 3205 recensionem
759 3142 875 3202 commi-
925 3139 1054 3201 Romani.
1095 3145 1163 3203 Sunt
1180 3148 1399 3205 autem'haecac·

396 3223 530 3292 miscitur,
555 3224 602 3280 sed
626 3222 703 3280 nullo
727 3222 806 3298 plane
824 3233 875 3278 aut
918 3221 1093 3291 commodate
1145 3224 1180 3282 ad
1235 3224 1398 3303 hypothesin

405 3298 460 3357 levi
476 3299 644 3379 argumento.
689 3299 761 3358 Daci
773 3310 875 3367 autem,
924 3294 1051 3374 Epicuri,
1076 3313 1104 3356 et
1123 3297 1197 3357 intra
1218 3303 1276 3377 ejus
1297 3302 1400 3391 placita

405 3375 455 3453 qui
468 3376 602 3436 montium
613 3380 680 3453 juga
694 3376 876 3436 mnslllrunr
923 3374 1093 3453 accipienda.
1134 3378 1249 3455 Alioqui
1262 3398 1347 3445 emm,
1368 3381 1399 3439 iu

311 3504 315 3516 ,
407 3452 574 3522 incolebant,
583 3455 656 3512 unde
666 3456 805 3531 descendens
818 3453 877 3512 Da·
924 3452 985 3508 cive
1003 3452 1138 3524 Romano,
1165 3455 1280 3531 impium
1294 3456 1353 3515 'hoc
1370 3475 1400 3519 et

406 3554 460 3600 ors,
474 3545 505 3589 ut
518 3530 572 3588 fere
585 3531 697 3609 semper,
717 3541 806 3609 quoties
822 3554 877 3588 con·
926 3528 1170 3601 sceleratumr'oret,
1180 3534 1401 3611 reipublicaesor·

401 3625 485 3666 cretus
492 3607 553 3690 gelu
565 3608 700 3668 Danubius
702 3613 830 3689 junxerat
842 3616 878 3665 ri·
909 3633 912 3638 ’
925 3620 981 3676 tem
989 3607 1029 3664 nil
1040 3626 1144 3670 curare.

401 3702 462 3761 pas,
481 3691 609 3745 decurrere
618 3684 732 3761 solebant
750 3700 778 3744 et
789 3693 879 3742 vicina
966 3702 1034 3762 499.
1054 3708 1129 3763 neque
1141 3687 1184 3744 ille
1195 3704 1242 3745 aur
1251 3689 1327 3748 doluit
1339 3693 1400 3765 [do-

400 3762 531 3840 populari,
555 3760 648 3821 Florus
669 3762 725 3830 lV,
751 3783 797 3829 12,
821 3767 877 3820 18:
926 3760 979 3835 letJ
990 3766 1108 3837 miserans
1126 3773 1229 3841 inopem,
1249 3784 1296 3824 aut
1306 3773 1403 3827 invidia

406 3838 446 3896 ira
456 3839 505 3897 illo
518 3854 639 3920 tempore
646 3839 765 3917 Mysiam
772 3852 800 3897 et
812 3854 878 3896 mox
928 3837 1041 3906 babenti,
1061 3858 1116 3897 non
1133 3840 1235 3900 duritie
1254 3859 1282 3900 er
1298 3844 1402 3903 ferocia

407 3914 558 3975 Thraciam
582 3917 728 3976 vastabant.
780 3914 879 3972 Missus
928 3914 1026 3983 animi,
1051 3929 1097 3972 aut
1117 3918 1210 3977 Stoica
1230 3920 1321 3997 aliqua
1339 3942 1402 3999 apa-

406 3994 533 4052 adversus
549 4013 599 4053 eos
624 4010 652 4054 et
677 3995 813 4052 Bastarnae
833 3991 878 4051 M.
926 3991 997 4060 thia,
1016 4011 1077 4067 quae
1093 3996 1173 4065 male,
1189 4018 1206 4053 a
1217 3997 1311 4055 Servio
1326 3998 1403 4063 inde.

405 4072 525 4139 Crassus,
534 4071 569 4131 C.
584 4070 690 4130 Caesare
709 4070 750 4138 V,
769 4084 797 4129 ct
817 4069 880 4127 Sex.
930 4071 983 4127 huc
1003 4072 1162 4139 advocatur,
1185 4075 1231 4132 sed
1255 4094 1304 4131 nec
1326 4074 1404 4132 dolet

406 4151 435 4205 A
456 4148 527 4208 ulcio
539 4150 611 4209 Coll.
625 4148 665 4207 U.
678 4149 716 4208 C.
730 4167 799 4227 725.
823 4145 881 4205 Dio
901 4221 903 4224 Ι
930 4166 980 4205 nec
999 4144 1114 4217 invidet,
1134 4153 1208 4229 quod
1229 4151 1258 4207 in
1278 4170 1346 4227 agro
1363 4172 1404 4208 re·

408 4170 540 4301 illan
554 4226 571 4285 s
585 4247 612 4305 q.
651 4227 715 4304 Ister
724 4229 878 4305 conjuratus,
927 4240 1016 4282 motus
1035 4223 1070 4281 ab
1088 4228 1163 4284 omni
1181 4247 1329 4307 pauperum
1351 4228 1402 4285 mi·

403 4302 437 4361 b.
450 4301 543 4381 populi
556 4248 591 4361 al
608 4302 716 4374 Istrum,
727 4300 784 4436 poi
805 4320 880 4359 arma
927 4301 995 4360 seria
1019 4316 1047 4358 et
1064 4301 1182 4361 divitum
1202 4305 1269 4360 luxu
1287 4322 1319 4359 ae
1338 4304 1404 4365 fastu

407 4400 471 4438 curn
490 4380 525 4438 iis
539 4379 689 4439 sociabant.
721 4401 724 4406 ·
755 4379 882 4436 xnollro
929 4378 1051 4437 animum
1064 4378 1098 4434 ab
1111 4380 1187 4436 omni
1200 4380 1404 4457 perturbatione

409 4456 640 4517 StatiurITheb.
655 4475 694 4517 20
706 4455 883 4535 Ercorq‘arata
931 4475 1046 4513 vacuum
1078 4454 1176 4512 habere
1197 4456 1292 4534 potest.
1345 4460 1404 4517 Co·

406 4534 508 4615 laceros
534 4545 629 4596 vertice
652 4532 746 4596 Dacos.
795 4532 884 4593 Iidem
932 4533 1006 4611 piose
1039 4530 1153 4590 illustrat
1183 4534 1276 4618 locum
1310 4534 1403 4595 Burm.

1298 4612 1515 4698 Docenr¹
