3575 5509
403 668 515 720 nxxx-
644 645 749 722 :DE
798 635 1131 722 VIRGILII
1248 656 1252 668 '

402 835 482 894 alteri
502 834 619 896 editioni
641 819 758 915 prefixa,
785 825 827 895 ita
845 850 948 905 tamen,
967 852 999 895 ut
1014 838 1128 916 epistola
1139 831 1243 916 prioris
1256 827 1388 911 editionis

332 927 336 939 '
402 922 438 980 nd
453 924 615 983 PaullumH
633 925 724 1012 eidem
736 926 771 982 ab
784 925 867 984 initio
879 926 1010 1003 praemiffa
1028 928 1070 985 fit.
1109 926 1144 984 ln
1157 926 1250 985 emem
1263 927 1387 1005 epistolae

400 1013 529 1091 quidquid,
561 1012 662 1092 inquit,
681 1015 797 1074 Marones
807 1018 960 1091 scriptorum
981 1018 1076 1093 indepti
1076 1020 1178 1091 sumus,
1196 1034 1318 1095 quantum
1329 1026 1386 1097 qui·

401 1099 455 1157 dm
468 1105 568 1177 fecimus
578 1099 731 1181 intellegendo
742 1111 770 1158 in
781 1117 856 1161 tanta
866 1118 965 1183 tumque
976 1106 1088 1179 mendoso
1099 1103 1304 1181 exemplariorum
1315 1112 1389 1163 rari·

400 1201 464 1255 tate,
477 1186 655 1267 multorumque
665 1190 785 1270 ejusmodi
792 1205 869 1271 prope
879 1192 1042 1265 desuetudine,
1062 1201 1133 1249 nmmo
1143 1213 1204 1249 vero
1214 1200 1387 1259 internecione,

400 1282 429 1332 in
452 1291 534 1353 corpus
553 1300 628 1334 unum
647 1299 716 1333 omne
734 1287 909 1356 compegimns,·
939 1278 1011 1334 unde
1024 1275 1141 1337 codices
1161 1297 1215 1336 non
1235 1275 1386 1337 admodum

380 1360 551 1442 'frequentet
572 1384 603 1422 ac
623 1362 709 1422 bonos
730 1363 813 1422 eiad
834 1384 929 1423 manus
940 1364 1016 1424 fnisse
1028 1378 1148 1443 apparet.
1185 1365 1287 1444 Liquet
1299 1366 1384 1425 etiam

401 1450 485 1522 illud,
505 1453 644 1519 Culicem,
664 1452 711 1511 etsi
721 1452 800 1513 valde
812 1452 922 1519 vitiose,
941 1468 972 1512 ut
985 1452 1071 1512 multa
1082 1473 1131 1513 nec
1146 1448 1292 1512 Aleriensts
1304 1449 1386 1511 intel·

400 1538 486 1617 ligere
499 1540 594 1619 posset,
612 1539 719 1610 etalio,
738 1561 797 1617 quae
808 1538 927 1618 Virgilii
939 1561 1038 1599 nomen
1049 1539 1228 1612 mentiuntur,
1245 1534 1387 1620 poimatia

402 1629 483 1700 (Sunt
502 1627 589 1693 Dirae,
610 1626 700 1705 Copa,
720 1619 811 1686 Eiet
831 1626 912 1694 Non,
932 1626 987 1686 Vir
999 1628 1098 1696 bonus,
1119 1628 1211 1698 Rosae,
1231 1627 1386 1697 Moretum,

397 1709 524 1795 Priapea,
544 1713 703 1793 Epitaphia,
721 1714 824 1789 etalio)
845 1714 875 1772 in
893 1735 925 1772 ea
938 1715 1061 1773 editione
1073 1714 1198 1775 exhibita
1209 1716 1271 1784 elle,
1290 1730 1385 1793 prater
1409 1756 1411 1759 ψ

400 1802 495 1886 cirin,
515 1803 589 1881 quod
602 1821 636 1859 ex
658 1800 812 1860 Fontanino
824 1802 845 1861 l.
865 1803 886 1861 l.
909 1802 1057 1881 intelligas.
1096 1803 1221 1863 Alteram
1232 1802 1385 1862 editionem

399 1889 474 1960 idem
486 1890 529 1950 uir
540 1888 730 1959 meritiiiimus,
749 1888 898 1968 Episcopus
911 1889 1067 1959 Alerieusn,
1086 1890 1246 1971 susceperat,
1267 1909 1330 1949 cum
1352 1902 1385 1949 ut

397 1980 549 2040 commissos
561 1980 591 2037 in
613 1978 702 2056 priore
724 1997 866 2057 operarum
878 1998 981 2038 errores
992 1980 1125 2058 plurimos
1136 1977 1302 2048 emendaret,
1322 1967 1383 2036 tnni

400 2083 432 2125 ut
465 2089 481 2127 e
514 2066 659 2145 Pomponii
684 2064 862 2125 Infortunatii
883 2065 980 2127 codice
1002 2066 1196 2145 antiquiffimo,
1222 2065 1384 2143 majusculis

399 2155 597 2215 charasieribus
617 2152 730 2231 scripto,
751 2173 806 2233 quo
826 2153 948 2234 Eclogae,
975 2170 1072 2233 praeter
1095 2154 1225 2233 primam,
1243 2153 1385 2232 Georgica

399 2241 688 2322 AEneisquelabsoluta
706 2240 927 2312 continebantur,
953 2250 1066 2321 poetam
1085 2240 1283 2320 castigatiorem
1303 2240 1382 2299 exhi·

400 2330 493 2400 ber'et3
522 2328 552 2405 id
565 2328 640 2407 quod
653 2329 735 2387 etiam
748 2330 946 2408 inpo‘ematiis,
973 2332 1068 2399 AEtna,
1094 2331 1159 2390 Ciri
1177 2345 1205 2388 et
1224 2329 1382 2399 Cataleslis,
1415 2315 1418 2328 ¹

398 2418 455 2477 alio
469 2415 614 2495 Pomponii
635 2416 708 2480 libro
720 2418 838 2495 adjutus,
856 2420 969 2482 fecerat.
1008 2422 1145 2480 Caeterum
1167 2422 1312 2496 Pomponius
1334 2418 1383 2478 ille

398 2510 577 2587 infortunatus
596 2503 686 2562 nullus
704 2506 771 2564 alius
791 2508 827 2565 est
845 2528 927 2585 quam
947 2509 1038 2585 Julius
1054 2510 1199 2586 Pomponius
1212 2506 1311 2574 Lectus,
1331 2503 1381 2565 etse

397 2596 470 2655 illud
479 2601 578 2653 nomen
591 2592 662 2671 apud
681 2614 737 2661 eos,
765 2593 864 2672 quide
883 2598 940 2673 ejus
959 2598 1016 2655 vita
1037 2594 1210 2675 scripserunt,
1229 2594 1378 2676 mernorari

398 2684 484 2762 vulgo
496 2701 552 2740 non
564 2680 665 2749 video,
686 2682 862 2759 praeterquam
875 2681 948 2761 apud
967 2685 1106 2762 Angelum
1125 2677 1330 2743 Zavarroniunr
1346 2682 1379 2741 in

397 2771 568 2831 Bibliotheca
580 2768 697 2828 Calabra
715 2792 742 2849 p.
758 2792 806 2850 59,
825 2771 874 2848 qui
886 2765 948 2829 etim
962 2771 1027 2831 alias
1041 2771 1146 2848 Julium
1159 2770 1335 2838 summotum,
1354 2782 1386 2829 et

396 2862 457 2944 post
471 2875 583 2920 mortem
598 2857 685 2928 Paulli
699 2858 741 2929 II,
764 2857 794 2917 P.
808 2858 854 2917 M.
877 2860 1036 2918 Maecenatis
1054 2857 1096 2917 sui
1116 2860 1315 2938 Iepinnnatum,
1334 2878 1383 2936 ap·

397 2952 526 3034 pellatum
553 2948 653 3018 tradit3
683 2948 809 3005 hastenus
831 2948 927 3026 utique
950 2967 1089 3027 perperam
1109 2948 1185 3028 quod
1205 2944 1328 3004 Paullum
1350 2945 1383 3003 11

397 3040 562 3107 nominavit,
589 3054 651 3096 cum
676 3036 755 3094 Pium
778 3035 807 3091 II
829 3054 977 3094 memorare
996 3034 1138 3104 debuisset,
1164 3032 1211 3092 cui
1230 3052 1309 3094 carus
1328 3034 1383 3094 fuit

399 3129 583 3210 Pomponius3
613 3146 629 3183 a
652 3125 745 3183 Paullo
771 3137 866 3180 contra
888 3122 918 3180 in
939 3123 1037 3201 capitis
1061 3121 1214 3201 periculum
1238 3123 1382 3183 addusins.

399 3221 483 3280 Rede
505 3218 597 3295 noque
618 3213 764 3291 Apostmus
787 3207 1382 3289 Zenus(btlbsssmnznnisbfibnup.232)
1429 3244 1433 3251 »

330 3325 332 3329 ·
397 3329 447 3389 pro
459 3310 575 3365 sortunae
587 3300 744 3362 conditione
758 3297 942 3376 Pomponium
955 3318 1055 3355 nomen
1072 3294 1188 3355 subinde
1197 3297 1307 3355 mutasse
1322 3317 1383 3357 mon

396 3398 466 3456 nuit.
507 3392 589 3451 Adde
601 3411 628 3469 p.
643 3387 733 3467 inps.
774 3384 874 3446 Primis
887 3382 1158 3459 annianomenlulii
1172 3382 1380 3463 PomponiiSa·
1437 3373 1441 3396 ’

397 3486 458 3549 bini
471 3484 519 3542 fibi
531 3478 703 3558 imposuerat.

435 3559 547 3635 Neutra¹
555 3571 649 3627 harum
661 3566 814 3624 editionum
827 3562 861 3621 ad
875 3562 1028 3646 Virgilium
1041 3560 1243 3628 emendandum
1262 3560 1293 3621 in
1313 3581 1379 3620 con-

395 3664 483 3726 filium
496 3673 590 3719 vocata
602 3656 655 3724 est;
675 3654 805 3730 restatque
817 3652 884 3710 adeo
896 3652 941 3710 bic
952 3649 1076 3709 beneficii
1088 3649 1118 3707 in
1129 3648 1275 3707 Maronem
1286 3650 1377 3721 locus,

396 3755 415 3814 fi
436 3750 496 3832 quis
508 3748 537 3805 in
555 3766 599 3805 eas
623 3741 739 3810 incidat,
769 3755 799 3798 ut
818 3740 853 3798 de
865 3739 982 3798 leslione
994 3738 1161 3816 excerpenda
1173 3737 1289 3815 cogitet.
1329 3738 1378 3798 Ad

396 3850 504 3923 poetam
517 3838 603 3917 ipsum
617 3833 682 3891 inde
701 3850 829 3908 magnum
852 3829 970 3889 frutinm
983 3829 1057 3887 haud
1069 3829 1198 3906 expost03
1228 3846 1293 3885 nam
1305 3847 1381 3907 repe-

279 3935 282 3943 '
396 3933 449 3991 tita
462 3929 517 3988 suit
530 3923 676 3985 illaeditio
687 3922 722 3980 ab
732 3920 881 3980 editoribus
894 3919 1098 4001 insequentibus
1105 3942 1115 3987 ;
1144 3918 1175 3975 in
1194 3919 1286 3996 priore
1297 3938 1381 3978 excu-

397 4020 485 4085 denda
498 4035 554 4074 non
566 4012 713 4074 admodum
737 4008 817 4067 bonis
829 4008 971 4068 codicibus
983 4007 1073 4066 editor
1084 4019 1142 4063 erat
1154 4006 1314 4076 instrustns3
1349 4007 1379 4065 in

396 4113 482 4171 altera
515 4099 659 4182 Pomponii
684 4098 785 4157 librum
809 4095 989 4163 adhibuerat;
1034 4092 1110 4171 atqui
1142 4095 1165 4153 is
1190 4093 1279 4150 nullus
1311 4094 1381 4154 alius

395 4191 471 4259 fuisse
491 4194 611 4268 videtur,
654 4208 734 4268 quam
760 4184 906 4263 Oblongus
933 4182 1025 4242 Pierii.
1066 4180 1127 4242 vid.
1171 4173 1230 4260 sup.
1263 4181 1299 4239 de
1334 4182 1380 4242 his

363 4372 367 4376 ι
398 4286 482 4351 codd.

1196 4562 1198 4568 ,
1252 4537 1258 4548 ἐ
1296 4599 1382 4660 1470.
1414 4590 1416 4594 '
