3575 5509
596 722 954 801 CODICIBUS
996 724 1103 802 MSS.
1273 750 1340 803 xri

358 931 446 1010 turio
468 944 669 1014 momatur,
702 926 833 1024 quibus
858 926 918 998 ille
942 927 1057 999 multo
1081 928 1188 1000 etiam
1215 934 1342 1034 magis,
1428 982 1433 993 -

361 1080 470 1155 quam
495 1053 669 1149 scriptura
692 1053 786 1123 inter
808 1050 901 1122 viros
925 1051 1047 1123 doeios
1071 1052 1238 1126 celebrari
1262 1080 1341 1128 coe-

359 1182 442 1276 pit:
480 1177 666 1274 Scriptura
681 1174 815 1248 deflexa
830 1173 877 1245 est
893 1174 939 1247 ad
965 1174 1166 1246 molliorem
1183 1200 1342 1272 pronun.

361 1302 570 1374 tiationem:
596 1324 632 1369 v.
653 1321 687 1370 c.
709 1298 850 1399 impoſjti,
869 1298 996 1392 alligat,
1021 1320 1104 1386 non,
1121 1299 1253 1393 inposta,
1278 1304 1340 1373 ad-
1426 1290 1429 1297 ¹

359 1419 453 1524 ligat}
508 1425 592 1518 Jam
607 1444 688 1519 quae
704 1418 748 1491 de
767 1419 911 1492 Codicis
935 1438 1040 1492 aetate
1056 1446 1077 1492 a
1100 1421 1234 1496 donin.
1252 1427 1342 1499 Bot-

359 1548 453 1621 tario
480 1563 516 1618 et
540 1571 560 1617 a
586 1544 653 1616 ΡΡ.
672 1539 946 1615 Benedidlinis*
969 1542 1144 1639 disputata
1161 1543 1253 1634 sunt,
1278 1548 1340 1621 hic

361 1671 509 1768 quidem
533 1689 690 1768 repetere
713 1694 785 1742 non
810 1669 1001 1767 possumus.
1060 1670 1097 1741 Si
1121 1688 1240 1744 tamen
1265 1675 1340 1764 hos,

359 1817 542 1894 tamquam
556 1793 893 1892 dodiioresjudices,
909 1795 1043 1883 audias,
1057 1814 1093 1868 et
1110 1794 1217 1884 Italis,
1234 1799 1339 1895 quic.

359 1922 446 2019 quid
463 1945 616 2019 pravum
635 1920 757 1991 omnia
779 1918 824 1989 ad
849 1915 1023 2014 majorem
1048 1921 1258 1994 vetustatem
1282 1944 1339 1996 re.

360 2047 511 2120 vocandi
543 2045 701 2125 studium
733 2043 960 2116 comminisci
996 2043 1107 2141 jussit,
1136 2050 1338 2129 condones:

362 2160 538 2266 quantum
553 2167 694 2264 quidem
718 2168 755 2239 in
780 2190 817 2238 re
842 2167 978 2239 incerta
1000 2170 1232 2267 conjeeiando
1254 2175 1341 2249 alie.

364 2293 428 2390 qui
445 2292 539 2382 licet,
555 2315 623 2364 non
640 2293 731 2364 ultra
749 2291 919 2364 saeculum
937 2290 970 2363 V
986 2291 1209 2391 assurgereea
1225 2300 1342 2373 vetus-

364 2431 417 2486 tas
441 2412 600 2488 videtur(
651 2416 761 2503 Nam,
789 2414 885 2511 quod
909 2416 1136 2511 praecipuum
1160 2422 1339 2519 opinionis

361 2537 408 2611 de
424 2541 539 2613 multo
559 2538 694 2638 majore
718 2538 927 2634 antiquitate
951 2539 1157 2637 praesrdium
1177 2569 1198 2616 a
1221 2548 1340 2642 pislu.

333 2735 339 2748 ‚
362 2685 414 2733 1ae
428 2662 580 2734 artificio
594 2686 635 2734 ac
652 2661 767 2733 nitore
779 2659 922 2756 petitur,
948 2660 985 2734 id
1006 2685 1072 2733 nec
1090 2664 1204 2761 magis
1221 2685 1339 2744 tutum

364 2809 406 2858 ac
423 2785 571 2856 firmum
587 2784 647 2856 est.
689 2782 808 2856 Potuit
824 2785 922 2856 enim
939 2782 1065 2857 seriore
1081 2789 1244 2881 quamvis
1260 2814 1341 2864 aevo

363 2908 500 2980 bonum
517 2907 661 3002 aliquod
683 2907 868 3005 ingenium
885 2908 1031 2980 meliora
1051 2906 1158 3005 sequi,
1182 2930 1229 2999 et,
1253 2913 1340 2987 srex
1378 2905 1383 2913 ’

362 3029 553 3105 vetustiore
578 3028 669 3100 libro
692 3030 750 3101 hae
774 3028 860 3126 ipsae
884 3029 1035 3126 pitturae
1058 3032 1227 3127 expreliae
1251 3034 1343 3127 sunt,

361 3158 459 3252 quod
477 3175 571 3228 certe
587 3155 728 3254 majoris
741 3158 779 3230 in
789 3156 955 3243 vestibus,
971 3158 1089 3244 armis,
1102 3177 1137 3229 et
1148 3159 1226 3230 aliis
1240 3160 1342 3233 rebus

363 3280 582 3376 antiquitatis
596 3280 744 3378 vestigia
756 3280 925 3353 nonnulla
936 3278 1092 3367 suadent,
1104 3280 1343 3378 antiquiorem

364 3428 405 3477 ac
419 3405 604 3477 meliorem
621 3405 794 3479 rationem
807 3404 1019 3503 exprimere.
1045 3405 1123 3478 Nec
1136 3423 1255 3477 tamen
1267 3409 1346 3481 val.

363 3529 412 3599 de
428 3528 551 3601 vetusti
568 3530 677 3601 moris
695 3531 840 3627 vestigia
857 3530 893 3601 in
912 3529 966 3601 his
983 3529 1130 3626 pisturis
1147 3531 1345 3626 deprehen.

363 3650 441 3738 das,
457 3675 520 3723 nee
538 3652 661 3739 laudis,
685 3676 756 3748 qua
771 3653 925 3748 pisturas
950 3652 1027 3723 illas
1052 3651 1214 3739 efferunt,
1233 3651 1343 3748 justas

361 3792 398 3845 et
414 3771 555 3844 idoneas
570 3771 701 3844 caussas
718 3771 785 3843 else
801 3773 931 3846 videas.
959 3773 1037 3844 Nec
1056 3774 1152 3844 enim
1168 3772 1344 3847 subtilita-

363 3916 400 3968 te
412 3898 585 3970 linearum
603 3922 667 3970 nec
685 3895 882 3968 formarum
907 3896 1079 3993 elegantia
1103 3897 1175 3968 illae
1192 3897 1226 3969 se
1242 3922 1345 3971 com.

364 4020 557 4105 mendant;
583 4022 720 4093 ratione
745 4021 915 4117 partium,
941 4018 1146 4114 symmetria
1169 4040 1204 4095 et
1229 4024 1345 4096 multo

363 4142 477 4239 magis
492 4145 631 4240 optices
649 4146 728 4242 lege
742 4169 782 4217 ac
799 4144 880 4231 lide,
896 4161 1044 4240 peccant
1068 4165 1205 4215 omnes.
1241 4143 1348 4219 Inve-

361 4265 484 4348 niendi
494 4292 579 4340 vero
588 4287 622 4341 et
632 4268 821 4342 ordinandi
832 4265 1182 4339 artificiumomnino
1192 4263 1344 4341 nullum.

452 4467 471 4541 ,⁹
485 4467 611 4540 Nmm
623 4469 718 4539 Trana
727 4473 757 4532 de
769 4468 965 4549 Diplomatique,
979 4468 1019 4530 T·
1032 4466 1088 4539 ῙῙῙ»
1100 4488 1129 4548 Ρ·
1142 4488 1159 4551 5
1162 4470 1190 4530 ⁶·
1203 4485 1251 4549 57·

1282 4637 1352 4717 Sed
