3575 5509
427 661 430 670 ’
510 692 626 767 nnn
662 694 874 769 Annos
910 688 1207 769 ntcnsrn.
1280 719 1346 769 001

707 921 709 930 ,
748 892 798 963 U,
821 891 863 961 (j,
912 914 925 961 1
957 898 991 961 .'

433 1012 491 1104 Cn.
511 1018 673 1087 Domitius
691 971 844 1087 Caluinus
861 911 910 1083 Ii.
932 920 999 1085 4C.
1019 963 1147 1106 Astniui
1160 1016 1273 1100 Pollio.

597 1137 742 1209 Suffecti
759 1136 822 1207 sub
836 1137 971 1207 exitum
987 1140 1074 1212 anni
1093 1141 1129 1207 *z

532 1265 574 1355 L.
596 1264 758 1334 Cornelius
774 1264 909 1348 Bulbus.
960 1262 1002 1349 P.
1021 1264 1183 1348 Gratidius.

613 1413 651 1465 o.
665 1386 699 1457 C.
716 1408 777 1474 40.
831 1387 964 1481 Virgilii
976 1408 1127 1480 30-31.

404 1514 512 1572 Bellum
532 1512 692 1570 Perulinum.
732 1508 896 1567 ottavianus
919 1509 953 1568 L.
981 1510 1134 1572 Antonium
1156 1510 1345 1589 Perufiamque
1400 1589 1407 1597 .

365 1604 463 1682 urbem
475 1603 600 1661 deditone
612 1599 722 1677 accipit.
762 1599 817 1657 Sub
831 1601 894 1657 anni
913 1602 993 1677 hujus
1004 1600 1115 1657 initium
1128 1600 1299 1658 Scriboniam
1316 1603 1347 1659 in

368 1691 570 1750 matrimonium
583 1690 675 1759 ducit3
698 1688 860 1745 fecittamen
873 1708 937 1745 curn
948 1708 979 1745 ea
991 1687 1140 1745 divortium
1151 1708 1223 1746 anno
1234 1689 1347 1765 sequen·

363 1779 401 1847 ti,
421 1780 536 1856 suscepta
546 1800 579 1836 ex
591 1777 725 1852 eaJulia:
749 1775 807 1832 Dio
829 1775 973 1844 XLVIII,
998 1778 1045 1845 16,
1066 1793 1094 1833 et
1108 1797 1157 1853 34.
1194 1781 1279 1852 Cum,
1299 1780 1344 1837 M.

365 1870 483 1927 Antonii
496 1869 524 1925 in
537 1869 645 1925 Italiam
660 1865 790 1931 adventu,
811 1863 930 1921 maxima
941 1865 1077 1933 omniurn,
1095 1885 1129 1921 ne
1142 1868 1242 1925 bellum
1255 1887 1352 1925 recru-x

361 1956 494 2025 desceret,
521 1955 679 2013 sollicitudo
696 1953 769 2019 effer,
789 1950 823 2010 L.
846 1951 980 2018 Cocceio,
999 1953 1139 2009 communi
1162 1955 1262 2024 amico,
1281 1976 1345 2015 cunr

365 2059 480 2121 utroque
491 2057 599 2120 agente,
618 2058 645 2096 et
664 2039 815 2113 Maecenate
827 2053 855 2097 et
879 2038 1000 2106 Pollione
1022 2036 1151 2095 adhibitis
1174 2042 1305 2119 (Appian.
1317 2065 1346 2121 p.

368 2139 456 2194 1126.
477 2133 534 2189 Dio
549 2128 675 2198 XLVII,
695 2134 758 2206 28),
777 2128 1025 2206 paceBrundifina,
1044 2129 1166 2187 amicitia
1179 2129 1249 2188 inter
1261 2131 1344 2190 otta-

366 2220 478 2300 vianurn
490 2235 517 2279 et
531 2219 686 2277 Antonium
699 2218 796 2277 iterum
809 2216 925 2297 coaluit3
954 2217 990 2280 ad
1007 2236 1090 2294 quam
1109 2232 1185 2276 tanto
1202 2220 1290 2297 magis
1300 2221 1347 2279 fir.
1361 2239 1364 2248 ·

365 2309 494 2367 mandam
506 2308 552 2368 M.
565 2308 701 2365 Antonius
714 2305 867 2373 Oilaviam,
888 2300 1033 2364 Obiaviani
1051 2304 1180 2375 sororem,
1198 2310 1276 2383 cujus
1287 2329 1345 2367 ma.

256 2425 259 2430 ·
364 2395 433 2454 ritus
446 2417 530 2476 nuper
542 2396 658 2464 obierat,
678 2414 791 2453 uxorem
804 2394 892 2453 duxit.
932 2393 1004 2452 Mox
1024 2414 1088 2452 cum
1102 2395 1175 2455 Sext.
1191 2396 1346 2474 Pomptina,

359 2486 412 2563 qui
424 2487 543 2545 claffibus
554 2506 627 2544 mare
644 2484 763 2553 tenebat,
783 2497 934 2543 commeatu
945 2484 1037 2543 urbem
1051 2484 1254 2553 intercluderet,
1271 2487 1345 2545 farne

324 2616 325 2620 ,
363 2591 488 2655 urgente,
508 2577 542 2633 dc
551 2594 618 2653 pace
628 2594 693 2633 cum
705 2574 788 2631 Sexto
798 2573 973 2653 agicoeptum
984 2575 1037 2642 est3
1056 2594 1109 2652 qua
1118 2574 1284 2654 proscriptis,
1295 2578 1345 2655 qui

362 2664 474 2721 adeum
485 2666 677 2742 confugerant,
696 2663 797 2723 reditus
819 2662 848 2719 in
865 2662 960 2721 urbem
981 2678 1009 2722 ct
1021 2662 1195 2737 incolumitas
1210 2670 1286 2745 palla
1296 2670 1343 2727 est.

363 2750 428 2826 Jatn
440 2773 498 2830 quae
509 2773 543 2810 err
555 2754 597 2810 his
610 2754 689 2829 hujus
700 2750 764 2821 anni
776 2751 841 2819 allis
856 2752 891 2821 ad
905 2751 1056 2829 Virgilium
1071 2754 1234 2829 pertineant,
1251 2759 1345 2835 paullo

360 2830 481 2901 ‘coranus
491 2832 640 2898 videamus.
1088 2904 1092 2915 Ι

403 2917 509 2982 Perusia
520 2937 611 3000 capta,
629 2935 687 2977 tota
706 2917 783 2988 Iirnul
800 2916 896 2986 Gallia
917 2916 1057 2996 Cisalpina
1072 2938 1136 2992 com
1148 2921 1261 2999 reliquis
1273 2922 1345 2982 Gal.

361 3005 407 3075 liis
418 3023 446 3065 et
460 3008 602 3089 Hispaniis
614 3008 641 3065 in
655 3005 768 3064 Caesaris
780 3003 914 3062 ditionem
927 3005 1011 3080 venit.
1031 3005 1087 3064 vid.
1100 3008 1218 3086 Appian.
1225 3033 1254 3088 p.
1269 3032 1342 3087 1114

363 3111 435 3163 extr.
474 3098 570 3174 Itaque
591 3112 649 3164 turn
674 3096 784 3152 demum
801 3092 926 3171 Virgilio
950 3113 1030 3172 agros
1050 3095 1121 3166 suos,
1139 3100 1278 3175 postquam
1296 3122 1344 3161 eor

362 3182 462 3256 iterum
475 3186 611 3253 amiserat,
631 3183 762 3241 restitutos
774 3183 835 3253 effe,
855 3182 963 3256 credere
973 3183 1050 3249 licet.
1091 3184 1278 3245 Testificandae
1290 3188 1343 3249 suae

362 3274 463 3338 laetitiae
473 3290 608 3353 grataeque
625 3273 770 3333 voluntatis
780 3274 868 3337 caulla
880 3272 910 3348 in
924 3271 993 3348 Vari
1005 3273 1147 3341 honorem,
1166 3277 1244 3351 cujus
1262 3297 1342 3355 opera

362 3362 509 3428 secundum
523 3364 583 3437 Ecl.
595 3363 652 3433 IX,
664 3385 697 3439 27
713 3364 771 3442 sqq.
784 3368 879 3440 cares
900 3363 1017 3441 perfetta
1037 3363 1136 3433 fuerat,
1156 3367 1340 3445 Eclogamsex-

363 3468 418 3516 ram
439 3468 497 3519 turn
516 3452 643 3531 scriptam
662 3454 723 3519 effe,
742 3454 870 3532 opinatur
889 3452 1026 3524 Martinus
1047 3474 1074 3531 p.
1093 3453 1168 3512 LVIv
1179 3472 1206 3513 et
1225 3480 1253 3536 p.
1276 3478 1341 3540 149.

365 3538 464 3619 luite,
483 3543 530 3618 qui
540 3543 643 3605 sextam
655 3543 775 3609 omnium
795 3544 883 3620 primo
905 3543 967 3600 loco
989 3542 1114 3621 scriptam
1138 3546 1188 3603 elic
1206 3546 1340 3619 dicerent,

364 3630 491 3708 Donatus
503 3630 532 3688 in
546 3632 613 3703 Vita
625 3632 649 3711 §5
667 3653 719 3701 roz
734 3649 840 3701 narrat3
860 3632 906 3690 sed
915 3652 961 3689 eos
973 3635 1042 3690 mala
1053 3635 1136 3712 primi
1153 3636 1257 3695 versus:
1278 3643 1340 3698 Pri-

363 3745 408 3800 ιῑιια
426 3722 547 3798 Syracfio
568 3725 675 3799 dignata
698 3726 730 3797 est
748 3722 830 3780 ludere
845 3723 1115 3800 versu-acceptione
1128 3726 1252 3785 induiios
1262 3728 1340 3787 fuine

361 3811 410 3887 trix
423 3812 538 3870 dubites.
578 3811 669 3867 Aliam
684 3810 825 3879 rationem,
836 3830 917 3890 qnare
926 3824 986 3867 ante
999 3811 1129 3887 Tityrum
1139 3815 1243 3873 Silenus
1253 3817 1338 3895 scrip-

363 3916 406 3960 tus
419 3902 468 3961 elie
480 3900 616 3967 debuerit,
636 3900 762 3968 Cattoeus
783 3918 818 3955 ex
837 3921 869 3957 eo
895 3898 1013 3979 petebat,
1039 3902 1170 3979 quoniam
1191 3904 1338 3965 secundum

362 3989 504 4064 Donatum
516 4004 544 4065 et
557 3990 678 4046 Servium
692 4007 708 4044 a
729 3988 878 4064 Cytheride
898 3989 928 4047 in
949 3988 1027 4046 scena
1040 3990 1173 4051 Cicerone
1188 3996 1277 4061 adhuc
1289 4017 1338 4055 an.

361 4082 497 4148 dientcea
509 4080 621 4159 recitata
632 4076 723 4139 fuerit.
762 4076 809 4136 Sic
833 4099 891 4137 earn
909 4093 970 4136 ante
990 4099 1016 4137 a.
1031 4080 1099 4163 7t1',
1117 4104 1172 4161 quo
1191 4084 1291 4142 Cicero
1301 4104 1339 4143 ex

360 4171 558 4251 proscriptione
567 4170 721 4229 interfectus
729 4170 779 4239 est,
801 4170 903 4228 editam
915 4170 1000 4238 fuisse,
1020 4173 1119 4231 nocelic
1136 4173 1208 4233 effer.
1247 4175 1288 4230 At
1300 4176 1338 4234 de

361 4260 498 4319 Cicerone
510 4260 584 4318 illam
598 4260 730 4338 Eclogam
742 4260 850 4317 recitari
869 4261 994 4322 audiente
1013 4263 1122 4342 explosa
1133 4264 1192 4341 jam
1211 4263 1289 4341 supra
1300 4266 1337 4325 ad
1369 4325 1375 4342 .

360 4371 389 4434 p.
404 4371 457 4432 prr
471 4362 500 4409 ct
512 4352 548 4431 od
561 4350 661 4431 Donat.
675 4351 744 4431 §.41
757 4350 904 4432 elliabula.

331 4576 335 4582 ”
395 4600 409 4628 *
426 4598 500 4664 Apud
507 4600 604 4649 Gruter.
617 4613 641 4663 p.
653 4599 680 4648 0.
694 4597 708 4647 8
725 4602 834 4648 Marmor
844 4598 937 4662 nititur,
951 4615 971 4651 a.
985 4600 1009 4651 d.
1022 4601 1055 4651 IV
1067 4598 1104 4666 ld.
1113 4596 1212 4649 Odlobr.
1225 4597 1271 4649 Co.
1282 4598 1335 4649 Do·

360 4663 432 4735 tuitio
440 4678 464 4714 et
477 4667 508 4719 C.
519 4662 602 4737 Afinio
613 4663 676 4726 eoo,
688 4664 837 4732 inscriptum.
