3575 5509
664 598 1108 715 EDITIONIBUS.
1159 680 1160 683 κ
1253 657 1263 720 ᾗ
1290 662 1384 727 ctis

398 832 452 905 ede
480 835 572 917 potest-
588 833 705 914 exiguus
725 849 773 895 aut
794 832 968 910 ‘nulluanifi
992 832 1130 894 accerseris
1155 831 1191 891 ad
1207 839 1323 912 poetam
1343 836 1388 895 ira

396 928 456 1003 jam
476 928 627 986 litterarum
652 925 752 1006 peritia
774 940 802 983 et
820 924 869 987 usu
888 925 1039 994 instrucins,
1059 939 1100 995 ut,
1119 944 1181 1003 quae
1205 925 1327 983 tollenda
1348 944 1386 984 an

379 1055 381 1058 -
400 1018 573 1096 relinquenda
588 1016 652 1082 sint,
671 1014 840 1093 perspeiium
859 1012 967 1093 habeas.
1006 1013 1078 1071 Sane
1099 1015 1186 1071 multa
1198 1010 1277 1072 ineffe
1289 1033 1325 1072 ex
1336 1033 1384 1071 an·
1447 1042 1455 1059 ·

397 1106 567 1185 tiquioribus
579 1104 777 1181 Interpretibus
795 1102 909 1171 servata,
928 1100 1054 1161 dubitare
1067 1101 1114 1165 vix
1126 1102 1192 1162 licet
1199 1126 1210 1171 ;
1223 1123 1272 1163 nec
1292 1103 1384 1164 minua

396 1204 486 1253 nmen
499 1196 643 1252 innumera
657 1211 673 1247 a
687 1190 832 1250 serioribus
845 1203 955 1251 attexta.
995 1190 1106 1249 Habuit
1116 1190 1190 1249 enirn
1206 1190 1280 1250 idem
1293 1191 1383 1251 fatum

397 1279 520 1350 Servius,
539 1283 616 1359 quod
633 1278 729 1336 Graeci
745 1278 930 1357 grammatici,
949 1293 981 1338 ut
999 1282 1094 1348 essent,
1114 1278 1199 1336 modo
1211 1279 1260 1356 qui
1271 1279 1384 1358 antiqua

397 1372 589 1429 contraherent
601 1369 645 1427 vel
659 1366 827 1439 omitterent,
847 1369 930 1427 modo
952 1371 1001 1447 qui
1023 1369 1159 1447 excerptis
1177 1370 1243 1440 alia,
1264 1371 1382 1450 plerum·
1407 1359 1410 1365 ¹

348 1497 349 1502 κ
396 1479 453 1537 que
465 1459 613 1525 deteriora,
633 1458 808 1517 admiscerent
820 1472 908 1516 ’aute
929 1458 1052 1537 margine
1073 1457 1229 1517 insererent.
1271 1458 1383 1519 Mirum

398 1548 521 1607 hominis
540 1550 575 1607 est
593 1549 710 1608 studium
734 1546 883 1606 revocandi
903 1550 1030 1625 pleraque
1052 1548 1087 1606 ad
1114 1561 1215 1617 veteres
1242 1548 1383 1608 Romanas

397 1637 555 1716 religiones,
575 1636 727 1695 Pontificias
748 1649 778 1695 et
803 1633 950 1697 Flaminiae
961 1661 970 1707 ;
999 1656 1051 1695 nec
1072 1636 1188 1695 multum
1210 1636 1293 1708 abest,
1312 1635 1381 1714 quia

398 1724 514 1785 AEneam
529 1724 657 1785 Flaminis
674 1736 786 1783 munere
798 1724 958 1804 fungentem
969 1724 1108 1784 exhibeat.
1148 1723 1252 1798 Nullus
1273 1726 1311 1785 est
1330 1742 1381 1783 co·

396 1816 464 1886 dex,
482 1818 531 1897 qui
543 1817 649 1899 omnia,
667 1835 729 1894 quae
740 1800 793 1873 sub¹
807 1816 866 1891 ejus
889 1814 1000 1873 nomine
1017 1815 1156 1882 habemus,
1174 1816 1383 1894 completlator.

398 1904 478 1987 Qid
493 1910 505 1964 l
523 1908 598 1985 quod
623 1919 734 1978 narrant
759 1903 827 1961 adeo
852 1902 962 1961 codices
984 1901 1107 1960 nondum
1139 1903 1271 1981 inspetlos
1287 1921 1381 1979 mirare
1474 1967 1476 1971 s

395 1996 542 2073 ampliores
559 1995 608 2064 iis,
627 1992 677 2070 qui
699 1991 810 2068 expreffi
834 1989 916 2048 sunt:
936 2010 964 2047 v.
978 1989 1125 2049 Burmann.
1139 1991 1222 2068 praef.
1248 1997 1287 2069 (p.
1309 1998 1380 2070 271³

397 2082 474 2140 adde'
489 2087 519 2141 de
543 2086 638 2160 Brnffirs
657 2080 763 2156 Salluste
775 2078 860 2138 Tom.
884 2077 941 2144 III,
960 2098 1024 2157 pag.
1049 2100 1116 2157 393.
1163 2079 1260 2139 Primae
1280 2082 1384 2140 editio-

397 2190 446 2228 nes
469 2170 559 2228 Servii
582 2169 662 2227 valde
686 2181 763 2224 erant
782 2168 990 2236 contaminatae3
1023 2168 1115 2246 itaque
1135 2187 1183 2246 per
1208 2189 1289 2227 omne
1313 2184 1381 2229 rern-

398 2278 450 2336 pus
473 2258 595 2317 virorum
620 2258 764 2315 donorum
780 2253 941 2314 incredibile
960 2254 1016 2313 fuit
1040 2256 1158 2314 studium
1180 2254 1211 2316 in
1235 2278 1383 2337 congeren-

398 2344 445 2403 dis
456 2345 578 2424 undique
596 2359 625 2403 et
643 2342 838 2421 amplificandis
850 2341 958 2401 laciniis
970 2342 1115 2403 Servianis.
1153 2342 1198 2403 De
1211 2344 1381 2409 editionibus

395 2436 509 2513 quidem
526 2434 675 2514 diligenter
693 2433 783 2489 adium
802 2433 838 2490 est
858 2430 889 2490 in
910 2433 975 2493 edd.
989 2430 1107 2513 Virgilii
1121 2434 1245 2495 recensu.
1286 2434 1380 2498 Primo

395 2523 485 2582 statim
498 2524 599 2603 impetu
614 2544 640 2581 a.
657 2543 726 2602 1471
741 2521 866 2600 prodiere
877 2522 941 2582 edd.
956 2522 1012 2585 IV.
1051 2522 1238 2583 Emendarunt
1252 2524 1379 2588 Servium

397 2610 472 2674 Lud.
493 2614 597 2683 Carbo,
617 2612 647 2673 P.
660 2612 812 2681 Cenninus,
831 2611 878 2687 Jo.
889 2612 1068 2691 Calpurnius,
1080 2614 1126 2688 Jo.
1141 2612 1220 2692 Bapt.
1232 2610 1380 2692 Egnatius,

400 2697 477 2761 Rob.
502 2704 662 2781 Stephanus,
692 2702 749 2761 Ge.
772 2701 927 2771 Fabricius,
950 2700 1030 2763 Fulv.
1056 2704 1182 2773 Urfinus,
1209 2702 1242 2764 Pr
1264 2704 1379 2778 Daniel,

354 2846 357 2850 .
394 2788 561 2863 ,Masticium
574 2793 749 2851 Burmannus.

435 2879 567 2941 Terentius
588 2884 707 2951 Scaurus,
728 2872 884 2944 clariffimus
907 2881 1123 2952 Grammaticus,
1143 2902 1199 2962 quo
1219 2885 1282 2962 jure
1305 2884 1380 2970 iuter
1482 2885 1488 2901 '
1527 2887 1529 2895 '

395 2960 633 3031 commentatores
643 2969 761 3049 Virgilii
775 2972 917 3040 referatur,
935 2992 992 3030 non
1004 2972 1118 3049 reperio.

349 3109 350 3112 ,
437 3060 564 3120 Titianus.
605 3072 626 3097 ‘⁴
648 3060 685 3118 Et
697 3060 826 3118 Titianus
846 3074 873 3117 et
897 3061 1011 3129 Calvus,
1030 3059 1079 3137 qui
1099 3061 1219 3137 themata
1239 3059 1332 3118 onmia
1343 3060 1379 3120 de
1487 3049 1491 3060 ’

397 3159 421 3187 “
440 3147 565 3227 Virgilio
585 3149 736 3207 elicuerunt
759 3164 787 3206 et
812 3148 1051 3207 conformaverunt
1071 3149 1106 3206 ad
1126 3148 1239 3208 dicendi
1272 3150 1377 3207 usum'’

397 3238 536 3297 rhetores:
558 3237 634 3296 Serv.
654 3237 687 3295 ad
709 3238 773 3322 AEn.
798 3236 840 3307 X,
858 3243 903 3297 18.
944 3236 1009 3295 Fuit
1030 3237 1151 3321 ejusdem
1176 3238 1378 3319 chorographa.

380 3350 382 3353 ·
395 3324 483 3384 Conf.
496 3328 531 3385 de
547 3345 581 3386 eo
594 3326 777 3403 Cannegieter
789 3325 824 3382 ad
839 3324 941 3385 Avian.
952 3346 1015 3405 pag.
1031 3329 1097 3405 278.

438 3414 543 3497 Trogus.
584 3415 691 3474 Servius
712 3416 746 3473 ad
768 3415 834 3474 AEn.
854 3415 909 3484 VI,
930 3424 984 3495 783
1010 3426 1104 3475 animos
1122 3418 1235 3497 aequrrdit
1263 3418 1377 3500 Olympo·

398 3514 460 3550 -“
481 3507 524 3563 De
550 3506 603 3564 hoc
624 3518 713 3563 autem
737 3506 802 3564 loco
828 3506 940 3583 Trogus
961 3519 990 3563 et
1013 3504 1117 3563 Probus
1136 3512 1288 3585 quaerunt.’'
1316 3508 1377 3569 vid.

397 3592 469 3652 ibid.
483 3593 550 3654 Var.
565 3595 641 3654 Lea.
682 3593 824 3657 Laudatur
847 3593 956 3653 Reines.
980 3595 1051 3674 Epp.
1074 3596 1110 3652 ad
1133 3596 1289 3657 Hofmann.
1312 3619 1376 3677 pag.

398 3684 457 3745 660
465 3707 474 3753 ς
495 3684 566 3742 nihil
582 3684 722 3745 tamenibi
734 3685 847 3762 reperies
861 3699 1040 3765 praeterquam
1058 3684 1187 3746 libertum
1203 3688 1377 3774 Trogum'ex
1472 3745 1475 3750 .

397 3791 541 3833 marmore.

436 3866 523 3923 Velius
547 3868 658 3945 Longus,
688 3862 788 3921 nobilis
813 3864 1015 3941 grammaticus.
1035 3863 1164 3924 Macrob.
1191 3867 1249 3924 Sat.
1272 3861 1378 3935 111,6.'
1451 3886 1453 3889 ·

394 3964 419 4000 ·“
430 3955 680 4039 fhxovetustoAEn.
699 3953 754 4022 ΙΙΙ,
771 3957 807 4029 84
819 3952 916 4010 Velius
937 3954 1070 4031 Longus:
1090 3953 1247 4014 immutatio
1267 3956 1314 4022 est,
1334 3955 1378 4012 in·
1500 3930 1518 3954 ⁵

395 4053 418 4080 “
439 4043 510 4119 quit,
530 4042 661 4120 epitheti;
690 4042 749 4101 vult
775 4042 848 4100 enirn
873 4041 964 4124 dicere
987 4043 1142 4102 vetustatem
1166 4046 1284 4123 templi:
1304 4045 1378 4102 hunc

395 4142 418 4172 ‘⁶
440 4134 520 4191 multi
532 4133 588 4191 alii·
601 4147 824 4193 commentatores
847 4132 955 4210 sequuti
976 4132 1066 4193 sunt.'’
1105 4133 1218 4196 Charis„
1236 4135 1286 4192 lib.
1307 4131 1336 4188 II
1348 4133 1380 4191 in

395 4220 506 4280 Putsch.
520 4244 547 4299 p.
573 4242 638 4301 153,
662 4244 692 4302 ¹7
715 4233 737 4258 “
751 4225 837 4280 dixere
850 4241 900 4300 pro
922 4221 1171 4299 dixerunt—,quam
1194 4224 1309 4300 liguram
1328 4218 1380 4279 alii

395 4320 420 4352 ⁶‘
440 4309 578 4387 duplicem
591 4311 753 4378 existimant,
773 4311 807 4368 de
820 4331 873 4388 qua
886 4310 968 4368 etiarn
983 4309 1080 4369 Velius
1100 4310 1213 4388 Longus
1234 4308 1265 4366 in
1285 4306 1380 4365 secun-

394 4399 506 4459 “dum
519 4396 651 4459 AEneidos
665 4398 727 4459 saris
740 4414 937 4495 commentatus
955 4399 1009 4457 est:
1031 4401 1380 4461 Conticurrrorrresintenrr-
1482 4454 1484 4458 ,
1534 4384 1536 4386 ’

1291 4492 1314 4521 ..
1334 4506 1380 4560 q„
