3575 5509
396 647 408 660 ’
523 687 600 771 on
633 687 913 765 cnnnrnn
946 683 1267 766 noconrco.
1339 672 1381 772 ά

373 891 557 991 ’φοὲῑὶςοε
584 888 686 976 ratio,
711 903 751 959 ut
770 881 940 983 jucundis
962 902 999 958 et
1024 886 1133 983 gratis
1156 908 1276 963 rerum
1292 888 1388 964 imn-

400 1018 543 1118 ginibus
560 1017 723 1104 delestet‚
739 1012 903 1087 tollitur?
925 1012 929 1020 '

405 1175 410 1182 ·
450 1142 660 1229 Enimvero,
675 1140 702 1211 fi
718 1156 833 1211 totam
848 1137 1006 1210 bucolici
1025 1136 1194 1212 carminis
1211 1141 1385 1217 rationem
1407 1230 1416 1255 x

400 1266 456 1340 his
482 1266 632 1363 quidem
653 1264 797 1352 linibus,
820 1262 952 1359 quibus
982 1263 1095 1337 modo
1120 1290 1201 1339 eam
1226 1268 1386 1343 circum.

399 1392 617 1490 scripfimus‚
640 1390 814 1465 contineri
841 1388 961 1489 libeat,
981 1390 1207 1489 quidmagnae
1233 1394 1386 1470 ffbeocri.

400 1532 520 1596 reorum
545 1533 578 1590 et
602 1519 841 1615 Virgilianomm
868 1519 1042 1589 caminum
1061 1521 1160 1612 parti
1181 1518 1301 1610 facias,
1328 1525 1385 1597 vi.

401 1643 561 1716 dendum
577 1642 642 1715 tibi
659 1642 719 1715 est.
771 1642 820 1715 Et
844 1642 978 1739 Wrgilxl
991 1642 1140 1738 quidem
1165 1649 1290 1741 quinta,
1299 1650 1386 1745 sep.

401 1770 492 1856 tima,
516 1785 551 1839 et
571 1776 688 1841 odana
710 1768 805 1842 haud
833 1767 953 1854 dubie,
975 1769 1244 1864 quodammodo
1273 1774 1385 1848 etiam
1432 1754 1442 1764 ’

356 1967 359 1975 ,
398 1894 499 1963 tertia
513 1892 639 1990 ecloga
654 1892 699 1964 ad
716 1893 752 1965 id
768 1914 882 1989 genus
898 1887 1020 1962 referri
1034 1891 1179 1986 poterit,
1193 1892 1327 1990 reliqua
1337 1895 1385 1969 ab
1447 1971 1448 1974 ,

289 2067 293 2074 ,
399 2037 443 2088 eo
458 2016 573 2088 aliena
595 2016 662 2090 elle
678 2016 783 2089 facile
798 2032 946 2113 apparet
962 2017 994 2087 *.
1046 2012 1143 2113 Qae
1158 2014 1307 2109 quidem
1319 2043 1385 2107 rer,

401 2153 489 2211 cum
513 2138 661 2235 Virgilii
687 2156 723 2211 et
749 2138 941 2210 Theocriti
969 2137 1129 2209 carmina
1152 2152 1230 2208 tam
1256 2138 1386 2215 diverfi

402 2261 543 2358 generis
561 2260 642 2349 fint,
665 2276 743 2345 tam
768 2260 914 2333 diverfis
931 2261 1119 2334 doliorum
1135 2262 1325 2336 hominum
1340 2268 1386 2343 de

316 2438 320 2449 ,
401 2380 506 2479 hujus
521 2377 661 2484 generis
681 2383 807 2455 natura
830 2401 865 2454 et
881 2400 957 2454 arte
967 2373 1117 2481 judiciis
1132 2382 1255 2455 locum
1272 2382 1384 2476 fecit3

399 2528 483 2580 curn
505 2527 566 2580 aut
582 2527 744 2581 naturam
759 2508 917 2582 bucolici
928 2508 1097 2581 carminis
1113 2532 1157 2580 ex
1172 2507 1244 2579 illis
1260 2532 1384 2585 exem.

400 2632 470 2731 plis
491 2632 700 2705 constituere
720 2651 782 2705 aut
802 2634 846 2705 ad
864 2635 1049 2707 notionem
1070 2651 1232 2707 enat-um
1248 2638 1299 2710 rei
1325 2641 1385 2713 in.

296 2826 298 2828 ,
400 2759 558 2835 stitutam
575 2781 742 2831 revocare
763 2758 825 2829 illa
850 2759 1015 2855 exempla
1040 2758 1186 2834 vellent.
1235 2761 1384 2839 Scilicet

397 2885 452 2959 uti
469 2910 509 2956 ea
525 2885 625 2957 notio
643 2885 736 2957 reste
751 2908 804 2973 eo,
820 2892 930 2980 q'uem
951 2884 1091 2982 sequuti
1116 2885 1249 2975 sumus,
1273 2892 1384 2964 modo

399 3009 586 3086 informari
602 3009 716 3082 videri
743 3011 868 3105 potest,
895 3010 946 3082 ita
973 3008 1240 3106 ingeniosorum
1263 3011 1385 3086 homi·
1474 3070 1476 3078 i

401 3158 488 3206 num
520 3133 681 3219 sollertia,
709 3157 791 3229 quae
819 3132 917 3210 intra¹
944 3133 1029 3206 artis
1051 3155 1093 3203 ac
1116 3150 1384 3228 praeceptomm

402 3256 576 3352 angustias
594 3255 655 3328 vix
681 3253 838 3329 coe'rceri
862 3258 998 3355 potest,·
1016 3258 1083 3329 alia
1099 3278 1220 3354 genera
1236 3254 1383 3346 invenit,

401 3401 484 3473 quae
501 3404 585 3452 curn
601 3380 665 3451 illo
675 3380 871 3481 ‘conjuncla
878 3370 953 3456 'nec
971 3401 1090 3456 tamen
1106 3382 1211 3479 plane
1225 3378 1383 3479 ejusdem
1401 3478 1404 3483 ι
1444 3390 1446 3394 ’
1557 3416 1559 3423 ·

325 3564 331 3577 .
404 3502 503 3575 modi
519 3502 609 3579 sunt.
658 3504 707 3577 Et
736 3506 891 3604 Virgilius
916 3506 1076 3604 quidem,
1104 3529 1189 3577 nam
1218 3504 1263 3577 ad
1287 3503 1388 3578 hunc

404 3628 520 3699 omnis
553 3631 668 3703 nostra
704 3629 861 3726 speclare
890 3631 998 3703 debet
1029 3629 1233 3727 disputatio,
1270 3654 1384 3704 novum

336 3781 340 3788 ¹
398 3773 498 3846 genus
517 3752 698 3825 constituit
715 3755 753 3826 in
777 3778 838 3841 eo,·
854 3767 892 3826 ut
916 3778 986 3825 non
1013 3770 1132 3824 tamen
1155 3752 1328 3851 imagines
1348 3772 1385 3825 et
1421 3766 1428 3776 '

402 3873 571 3947 attributa
599 3901 717 3951 rerum
744 3904 788 3951 ex
820 3902 924 3951 aurea
960 3895 1065 3951 aetate
1096 3865 1283 3974 repeteretss
1323 3875 1384 3949 sed

401 4002 499 4095 127stan
516 4027 645 4075 auream
661 4019 788 4079 aetatem
813 4008 1065 4103 repraefhrtaret,
1093 4005 1268 4091 homines,
1298 4001 1383 4073 deos

305 4273 308 4281 .
442 4222 459 4255 *
473 4224 579 4283 Servius
591 4224 622 4282 in
633 4243 748 4302 prooem.
769 4223 799 4282 in
812 4222 866 4283 Bu·
916 4243 982 4361 {uas
1019 4224 1183 4288 'llroocritus
1203 4225 1240 4282 ‘X
1273 4221 1385 4281 habet.'’

402 4301 458 4359 col.
479 4310 500 4335 “
516 4300 584 4359 Sane
596 4302 633 4360 est
646 4301 797 4371 sciendum,
809 4301 867 4359 VlI
943 4302 1040 4363 xclulit
1051 4319 1119 4380 puto
1131 4303 1185 4361 IV.
1199 4298 1252 4368 VI,
1266 4299 1307 4358 X.

298 4412 302 4416 ·
402 4377 512 4459 eclogas
542 4378 597 4440 else
618 4399 711 4441 >meras
749 4378 869 4449 rusticas,

1349 4495 1492 4561 et,-
