3575 5509
531 715 789 800 Purours
827 661 1179 813 murronis.
1249 808 1253 814 ,
1314 749 1362 806 lx

375 939 464 1018 'tora
475 928 655 1011 trecentis
669 927 760 1009 inde
770 922 882 1009 annis
898 947 955 1017 tot
970 917 1281 1016 doctissimorum
1299 936 1361 1017 vi-

257 1143 280 1156 ,.
372 1094 506 1151 rorum
525 1065 652 1147 studia
664 1084 850 1175 expertus
863 1063 938 1159 est;
966 1086 1005 1146 et
1032 1066 1117 1176 post
1136 1069 1288 1174 Heinsri
1315 1102 1361 1181 ac

371 1202 587 1286 Burmanni
611 1182 872 1283 felicillimam
900 1228 1061 1311 operam
1093 1232 1211 1306 nemo
1240 1189 1384 1288 facile
1477 1225 1481 1232 '

314 1385 318 1389 -
371 1340 1359 1454 tamvanusauctorrcperiatur,quielibrisscriptis

370 1483 498 1566 multa
515 1469 711 1591 praeclaira,
740 1507 830 1589 quae
848 1479 1029 1559 nondum
1052 1498 1106 1560 'ex
1134 1480 1220 1559 aliis
1248 1480 1377 1572 libris,

370 1637 504 1701 notata
527 1618 614 1726 fint,
643 1617 821 1728 polliceri
844 1615 951 1698 aufit.
988 1615 1150 1734 *Qidr
1180 1615 1300 1727 quod,
1329 1616 1359 1697 fi

372 1756 463 1865 quis
480 1756 662 1837 ledlionis
681 1740 907 1837 varietatem
925 1782 976 1834 cx
994 1754 1155 1862 optimis
1175 1754 1283 1835 libris
1307 1754 1358 1834 ad

370 1892 544 1976 nostrum
555 1874 1021 2005 usqu'ct'empusundique
1031 1890 1251 2000 congestam
1261 1919 1358 1972 con-

371 2030 523 2123 fideret,
539 2018 907 2111 ad'emendatio'rem
921 2048 958 2107 et
973 2030 1208 2108 ornatiorem
1224 2029 1358 2138 Virgi-

372 2167 469 2247 liani
486 2166 669 2246 carminis
687 2165 900 2246 lectionem
918 2164 1091 2243 multum
1109 2166 1244 2274 utique
1269 2166 1358 2248 inde

322 2343 325 2347 ·
371 2302 448 2384 elle
472 2301 683 2414 profecturi
710 2303 907 2412 largiatur,
946 2303 1200 2384 recentiorem
1227 2324 1357 2386 tamen

370 2454 531 2550 operam
542 2431 669 2522 multo
683 2440 813 2520 minus
825 2436 1064 2521 fructuosam
1086 2436 1197 2520 fuisse
1209 2442 1356 2523 intelli·
1410 2484 1414 2492 ·

371 2594 450 2685 gat,
463 2573 588 2685 quam'
597 2572 838 2685 superiorum
853 2594 1078 2683 temporum
1093 2575 1352 2685 diligentiam,

374 2715 669 2795 etanoviffimis
681 2713 920 2813 Criticisvix
931 2716 1145 2823 quicquam
1158 2717 1355 2797 varietatis
1484 2731 1488 2744 “

299 2883 303 2890 ·
373 2851 609 2932 ecodicibus
628 2850 702 2932 effe
716 2870 936 2945 enotatum,
963 2851 1070 2961 quod
1089 2855 1173 2933 non
1186 2882 1236 2933 ex
1269 2855 1355 2935 aliis

372 2992 481 3076 libris
495 2994 581 3103 jam
594 2987 777 3074 notatum
796 3011 833 3082 et
851 2993 1027 3101 plurium
1044 2992 1234 3073 librorum
1259 3024 1355 3075 con·
1424 2975 1432 2988 κ

372 3126 484 3214 sensu
500 3126 591 3208 effet
608 3127 887 3233 confirmatum
900 3166 916 3219 ;¹
940 3125 1139 3235 pleraque,
1159 3126 1268 3235 quod
1284 3128 1355 3237 ipsr
1438 3180 1441 3186 ·

336 3356 339 3360 ,
372 3266 496 3348 tribus
515 3268 715 3349 codicibus
742 3267 1011 3377 comparandis
1028 3268 1179 3374 experti
1208 3264 1355 3362 sumus,

359 3400 420 3481 'ad
434 3399 693 3493 aberrationes
705 3404 953 3485 librariorum
967 3404 1108 3496 redire,
1122 3424 1160 3484 at
1176 3406 1216 3486 in
1232 3378 1278 3486 iis
1292 3407 1354 3485 lo·
1474 3484 1478 3489 .

376 3538 448 3634 cis,
469 3570 556 3650 quae
569 3543 712 3623 vulnus
722 3540 880 3636 habent,
898 3540 1006 3651 quod
1024 3541 1252 3622 sententiam
1266 3572 1355 3625 ora·
1380 3576 1382 3581 ’

369 3674 493 3757 tionis
507 3676 695 3774 obscuret,
708 3677 951 3761 restituendis
966 3706 1009 3757 ac
1024 3676 1215 3771 sanandis,
1231 3679 1353 3792 abhis
1471 3753 1473 3756 .

373 3811 572 3895 codicibus
584 3843 667 3894 non
680 3816 1030 3927 magisquicquam
1043 3798 1221 3895 utilitatis
1234 3846 1355 3927 quam

372 3951 698 4035 a'caeterisarceffi
713 3952 834 4063 polle.
874 3955 1010 4063 Itaque
1021 3982 1071 4033 ex
1083 3955 1294 4036 innumeris
1306 3958 1354 4039 iis

372 4088 669 4202 codicibus-qui
684 4090 811 4172 adhuc
821 4090 958 4201 paffim
977 4092 1017 4170 in
1035 4064 1281 4203 bibliothecis
1296 4093 1353 4174 la-

372 4243 475 4342 tent,
488 4229 579 4335 licet
595 4257 660 4309 eos
678 4231 808 4310 excuti
835 4258 917 4309 non
938 4227 1104 4307 omnino
1120 4228 1254 4307 inutile
1271 4227 1354 4310 fore

351 4366 354 4372 ’
369 4364 708 4479 pronuntiemad
723 4364 919 4479 summam
934 4384 1065 4446 tamen
1085 4365 1139 4444 rei
1154 4367 1222 4446 vix
1242 4372 1355 4477 quic-

370 4480 1095 4618 quambaldememorabileetinfignis
1106 4504 1267 4613 alicujus
1279 4510 1357 4586 uti.

537 4666 561 4756 3
637 4740 639 4745 ,
763 4678 765 4682 Α
1239 4641 1357 4759 litatis
