3575 5509
426 658 501 738 206
567 646 882 762 promnion
905 649 963 726 nr
988 641 1314 756 oronaim„

449 893 453 902 ·
466 852 729 928 Sententiarum
743 867 780 923 et
794 869 1058 947 praeceptorum
1070 852 1120 926 rei
1132 851 1274 930 rullicae
1288 853 1327 940 in
1341 861 1412 938 hoe

418 978 577 1052 carmine
610 975 939 1071 interpretationem
983 974 1055 1048 sine
1084 977 1261 1051 tolerabili
1294 981 1412 1081 aliqua
1508 1043 1510 1050 .

416 1101 682 1200 agricolationis
700 1099 824 1195 peritia
840 1100 931 1170 reete
957 1101 1015 1172 vix
1031 1097 1220 1176 succedere
1238 1104 1336 1200 posse
1352 1107 1406 1180 sa.

418 1226 488 1300 eilc
508 1224 730 1322 intelligitur.
782 1220 905 1294 Aliam
931 1220 1179 1297 difficultatem
1208 1225 1404 1318 fecithoc,

419 1349 518 1449 quod
530 1365 710 1446 praecepta
726 1327 998 1416 Maronianaad
1014 1346 1089 1441 agri
1108 1347 1254 1422 colendi
1269 1375 1405 1428 moran

420 1471 461 1545 in
475 1474 546 1545 alio
561 1459 729 1556 s010,'sub
745 1468 815 1540 alio
831 1467 935 1555 caelo,
959 1469 996 1540 in
1021 1469 1088 1540 alia
1105 1487 1212 1543 aetate
1229 1473 1404 1568 speeiantg

421 1618 546 1668 verum
564 1588 810 1688 subjunximus
826 1589 1040 1684 scriptorum
1060 1591 1104 1663 de
1121 1617 1157 1664 re
1174 1595 1304 1669 rustica
1320 1597 1406 1690 loca,

422 1742 443 1790 e
457 1716 589 1816 quibus
605 1715 724 1811 poetae
738 1731 917 1812 praecepta
931 1715 1033 1788 unice
1057 1716 1220 1792 illustrari
1233 1741 1408 1820 poterant,

420 1842 586 1939 inprimis
603 1840 783 1944 Varronis,
807 1861 928 1935 quem,
952 1839 1130 1916 inmultis
1154 1827 1318 1940 sequutus
1341 1849 1403 1939 est,

421 1984 459 2040 et
476 1965 698 2053 Columellae,
722 1963 784 2062 qui
802 1980 993 2059 perpetuus
1011 1962 1154 2062 Virgilii
1174 1989 1404 2045 commenta-

422 2109 480 2166 tor
495 2091 556 2179 est,
572 2114 657 2162 cum
675 2087 803 2160 Plinio.
855 2086 905 2158 Et
922 2086 1140 2160 habebamus
1158 2089 1194 2161 in
1215 2093 1297 2183 hoc,
1317 2117 1405 2190 quo·

422 2240 504 2290 rum
517 2240 623 2311 opera
641 2213 713 2285 sere
727 2230 920 2297 uteremur,
951 2209 1165 2307 Interpretes
1181 2215 1404 2308 dosiillimos,
1516 2191 1522 2318 ΙΙ

318 2338 319 2342 ’
410 2339 462 2414 ,in
489 2336 669 2409 nonnullis
691 2333 876 2406 Guellium
897 2353 932 2406 et
957 2333 1140 2422 Urfinunr,
1165 2338 1203 2409 in
1229 2338 1406 2438 plerisque
1519 2421 1529 2442 ,Ι

424 2457 578 2532 Cerdam
595 2481 637 2529 ac
663 2454 876 2528 Martinum.
930 2456 984 2528 Ut
1009 2473 1129 2529 autem
1147 2458 1333 2554 po‘e'ticum
1349 2479 1407 2534 or·

422 2597 547 2661 natum
564 2581 693 2651 horum
714 2596 979 2674 praeceptorum
995 2579 1273 2656 adolescentium
1297 2579 1406 2655 oculis

424 2700 686 2799 subjiceremus,
724 2717 835 2795 utque
862 2699 901 2770 id
932 2722 1016 2771 cum
1053 2699 1169 2774 frusto
1195 2703 1310 2793 fieret,
1346 2727 1406 2780 nec
1526 2753 1528 2762 ι

423 2840 543 2897 tamen
566 2846 618 2894 res
635 2839 801 2893 notarum
818 2809 1192 2914 modum‘excederee
1211 2826 1262 2898 ita
1272 2827 1406 2923 potilli.

424 2975 528 3026 mum
542 2974 605 3021 nos
623 2947 807 3021 effeeluros
830 2950 897 3020 else
913 2949 1129 3043 putavimus,
1154 2950 1181 3023 fi
1199 2952 1405 3028 sententiam

424 3076 574 3176 pedestri
591 3077 747 3150 oratione
760 3073 955 3172 expressam
971 3073 1266 3173 subjungeremus
1276 3113 1288 3164 ς
1312 3077 1408 3178 quod

424 3203 564 3299 quoties
591 3201 723 3273 facium
751 3200 811 3287 est,
844 3201 884 3271 fit
909 3216 1029 3272 autern
1054 3199 1201 3298 fingulis
1234 3204 1339 3303 locis,
1371 3205 1407 3276 in

426 3327 555 3425 quibus
574 3350 626 3397 res
638 3347 711 3395 non
723 3321 797 3419 ipsa
810 3322 846 3395 in
857 3323 979 3395 oculos
993 3324 1153 3410 incurrit,
1169 3325 1409 3400 adolescentes

425 3445 1411 3546 monitosvelimus,utpoe'ticamorationemcumsolus

423 3592 471 3646 tae
483 3573 651 3644 orationis
665 3572 827 3644 formulis
843 3572 913 3644 illis
925 3550 1148 3668 comparent,¹
1172 3595 1208 3648 et
1219 3574 1305 3648 inde
1321 3597 1418 3672 cog«

423 3695 579 3783 noscant,
604 3698 691 3792 quid
705 3695 842 3768 notioni
858 3693 1071 3792 simpliciter
1086 3695 1228 3768 innotis
1240 3696 1411 3792 exprelsae

424 3818 579 3916 apostae
596 3818 741 3916 ingenio
763 3837 798 3890 et
819 3817 925 3913 copia
947 3816 1017 3888 live
1039 3817 1085 3890 ad
1101 3816 1314 3896 suavitatem
1331 3843 1412 3892 orn-

423 3939 580 4039 ninoque
603 3944 646 4013 ad
676 3947 842 4014 ornatum
859 3936 1052 4012 accesserit.
1103 3939 1159 4011 Ita
1178 3941 1329 4019 demum
1352 3946 1414 4016 eos'

424 4064 661 4152 intelleciuros
684 4063 751 4136 elle
768 4066 959 4160 speramus,
982 4087 1054 4159 qua
1073 4062 1161 4136 inre
1179 4064 1341 4160 po'e'ticae
1356 4066 1416 4140 in-

399 4189 621 4287 primisque
654 4187 865 4285 Virgilianae
904 4187 1073 4260 orationis
1104 4189 1340 4285 pulchritudo
1371 4213 1421 4288 ac¹

425 4315 630 4408 praeliantia
649 4315 843 4412 quaercnda
860 4315 903 4389 sit
915 4318 946 4389 ⁴².

391 4499 395 4506 ·
461 4475 480 4509 ⁶
500 4473 545 4536 De
568 4498 651 4547 anno,
671 4499 726 4556 quo
745 4478 843 4557 scripta
856 4481 908 4539 fint
921 4479 1073 4562 Georgica,
1091 4500 1120 4541 r.
1134 4479 1233 4542 Vitam
1246 4477 1367 4560 Virgilii
1380 4476 1423 4536 :di

415 4584 448 4628 a.
462 4585 530 4646 724.
582 4623 584 4628 .
