3575 5509
450 694 522 746 ccx
606 666 647 740 r.
674 654 892 737 vinoun
919 651 1156 730 Minonis
1182 648 1318 759 vrrs!

453 867 599 935 viridosii
612 880 644 927 ut
655 865 790 924 summurn
803 860 881 919 unius
894 857 1042 937 imperium
1061 868 1090 914 et
1112 868 1226 933 gentem
1246 850 1347 931 Jusiam
1367 847 1440 912 sitia

453 965 480 1021 ei
493 959 611 1039 irnperio
625 955 786 1013 destinatam
806 948 940 1008 Romanis
951 943 1168 1005 commendaret.
1183 943 1222 1001 cf.
1236 940 1355 1020 Disquis.
1380 942 1395 1000 I
1407 941 1439 998 in

453 1054 520 1114 AEn.
539 1050 565 1125 s.
581 1047 646 1105 XV.
682 1045 745 1120 Jam
758 1056 829 1106 tum,
849 1056 912 1097 cum
927 1033 1073 1113 Georgica
1095 1031 1237 1119 scriberet,
1258 1027 1438 1089 de·AEueirIe

448 1161 518 1201 veuru
527 1138 670 1218 cogitasse,
684 1134 820 1211 eolligunt
835 1128 884 1188 alii
898 1148 940 1185 ex·
949 1113 1061 1205 Georg.
1085 1119 1328 1200 111,46sq.1sae
1351 1134 1438 1178 tamen

455 1239 571 1295 ardentes
580 1234 703 1307 accingar
711 1230 793 1285 dicere
797 1240 898 1303 pugnat
907 1223 1031 1297 Cesaris.

839 1410 888 1483 U.
918 1412 960 1483 C.
1014 1432 1072 1480 2.

602 1541 707 1634 Caesur
723 1539 923 1609 Octavianus
942 1434 1009 1606 V.7
1020 1426 1292 1626 Sixt.rspuleius.
1331 1537 1333 1542 '

691 1687 723 1733 a.
744 1662 780 1732 C.
801 1684 858 1756 29.
911 1659 1038 1753 Virgilii
1061 1678 1212 1745 41-42.

497 1803 587 1865 Cesar
599 1803 720 1861 Romam
740 1796 861 1856 reversus
886 1814 913 1851 a.
935 1792 964 1851 d.
988 1792 1075 1851 VIII.
1097 1788 1155 1850 VII
1179 1807 1208 1850 et
1227 1788 1271 1851 VI
1293 1788 1339 1851 Id.
1359 1793 1438 1852 Sext·

459 1892 641 1972 triumphavit
653 1891 688 1948 de
712 1885 893 1951 Macedonia,
914 1883 1057 1942 Dalmatia
1079 1898 1108 1941 et
1134 1886 1273 1964 AEgypto,
1285 1882 1362 1942 trinis
1377 1884 1441 1943 die:

458 1987 529 2045 bus:
551 1983 609 2044 vid.
620 1983 679 2041 Dio
694 1982 747 2045 LI,
767 1997 814 2038 21.
854 1977 920 2035 Huc
935 1974 1073 2033 referendi
1083 1965 1176 2032 versus
1190 1975 1225 2033 de
1238 1974 1327 2054 clipeo
1343 1976 1443 2034 AEneae

458 2079 527 2138 AEn.
536 2075 626 2140 VIII,
648 2090 706 2151 714
723 2069 783 2148 sqq.
823 2067 862 2125 At
876 2067 969 2141 Caefizr
981 2066 1081 2145 triplici
1092 2071 1209 2123 inveeus
1223 2066 1340 2126 Romana
1352 2072 1440 2125 trierar-

456 2171 507 2246 pho
519 2173 613 2225 moenia
625 2181 682 2223 etc.
1254 2148 1256 2151 Ι
1439 2155 1441 2160 ’

394 2282 398 2292 ’
498 2259 623 2317 Decreto
651 2256 766 2312 Senatus
795 2253 878 2328 Jan'us
901 2249 1005 2308 clausus
1034 2251 1082 2317 est,
1104 2250 1187 2329 usque
1210 2250 1246 2308 ad
1273 2270 1301 2307 a.
1321 2271 1391 2331 727.
1411 2274 1445 2312 v.

460 2347 570 2407 Masson
592 2364 620 2420 p.
635 2362 674 2421 74
697 2356 725 2400 et
738 2340 797 2400 Dio
816 2343 869 2407 LI,
892 2357 929 2398 20
946 2354 974 2397 et
994 2339 1034 2397 ibi
1057 2342 1129 2399 Not.
1168 2344 1232 2419 Qo
1245 2340 1382 2418 Virgilius
1398 2364 1447 2402 re«

459 2434 572 2513 spexisse
587 2430 708 2505 creditur
721 2430 786 2487 AEn.
811 2431 837 2494 1,
858 2448 1013 2508 295-300
1032 2431 1131 2506 Aspera
1149 2447 1200 2489 tum
1215 2434 1298 2510 postris
1320 2434 1447 2506 mitescent

469 2523 549 2581 aeculer
569 2521 746 2581 bellis-dirce
760 2519 920 2577 Claudentur
933 2518 990 2576 belli
999 2535 1103 2596 portae:
1124 2521 1165 2580 uti
1186 2540 1214 2578 v.
1229 2520 1285 2598 296
1301 2523 1378 2595 Cena
1392 2527 1445 2583 Fi-

460 2619 503 2673 des
513 2631 537 2672 er
552 2615 579 2670 V
576 2618 637 2691 esta,
648 2614 723 2686 Remo
737 2616 886 2689 cumfratre
898 2611 1021 2685 Qirinur
1035 2611 1108 2684 Jura
1122 2609 1229 2680 dabant,
1242 2611 1278 2668 ad
1291 2612 1446 2675 Censuram

461 2705 517 2761 hoe
537 2721 640 2761 annoa
660 2700 776 2767 Caesare,
790 2702 904 2759 assumto
920 2703 966 2757 M.
981 2702 1109 2779 Agrippa
1130 2701 1250 2780 collega,
1271 2704 1368 2761 astam.
1387 2706 1446 2765 Dio

462 2794 596 2873 L11,42.
637 2792 700 2849 Nec
714 2806 806 2849 tamen
827 2792 882 2849 hoe
896 2790 954 2869 ipso
972 2813 1044 2850 anno
1064 2791 1156 2850 versus
1179 2785 1240 2854 illos
1256 2790 1372 2870 scriptos
1393 2798 1445 2854 effe

462 2884 569 2943 necesse
593 2883 650 2940 est:
672 2896 702 2939 ut
717 2880 905 2939 arbitrabatur
919 2883 1038 2940 Messon.
1062 2882 1093 2939 in
1114 2884 1186 2959 Jano
1205 2882 1324 2942 reserato
1343 2906 1373 2964 p.
1395 2886 1446 2964 64.

396 3033 399 3038 ,
463 2974 528 3033 Nec
541 2971 632 3049 magis
641 2972 709 3058 AEn.
724 2972 778 3036 IX,
799 2971 856 3047 642
868 2971 920 3028 Dis
933 2978 1019 3049 genite
1030 2989 1054 3029 et
1063 2978 1179 3049 geniture
1201 2974 1257 3030 deos
1266 2977 1349 3052 3j1tre
1365 2981 1448 3034 om

463 3062 529 3123 bella
541 3060 677 3137 Gentestrb
691 3062 875 3137 Affiiracisato
884 3076 1000 3117 ventura
1010 3064 1122 3138 refident.

503 3153 550 3211 Ad
561 3154 635 3212 hune
649 3171 749 3209 annum
764 3149 878 3209 Caesaris
891 3148 928 3206 de
950 3150 1067 3225 imperio
1087 3133 1250 3228 deponendo
1273 3151 1369 3212 habita
1382 3172 1447 3212 cum

410 3298 412 3304 .
465 3244 598 3323 Agrippa
621 3256 649 3298 et
671 3242 827 3298 Maecenate
855 3238 1017 3315 consultatio
1038 3239 1169 3316 pertinet.
1193 3260 1222 3299 v.
1246 3239 1307 3301 Dio
1324 3243 1384 3302 LII
1402 3262 1450 3322 pr.
1474 3249 1479 3263 ¹

466 3335 543 3408 Qus
554 3329 677 3407 Virgisro
691 3349 724 3386 ea
736 3328 766 3386 in
776 3349 804 3386 re
816 3344 909 3406 partes
921 3327 1049 3387 dederint
1061 3328 1150 3409 inepti
1164 3331 1362 3401 Grammatici‚
1375 3353 1404 3392 v.
1418 3330 1449 3392 in

465 3422 579 3494 Donato
592 3419 616 3495 s.
630 3423 678 3494 78.
1087 3413 1091 3428 ’

504 3515 568 3572 Hoc
589 3528 635 3569 aut
655 3510 792 3589 superiore
806 3530 890 3577 anno,
909 3525 984 3569 certe
1006 3528 1070 3570 ante
1094 3514 1196 3590 Janum
1209 3514 1344 3581 clausum,
1353 3514 1449 3577 Dacos

467 3619 541 3663 trans
556 3604 653 3660 Istrum
666 3621 730 3658 curn
749 3601 897 3665 Bastarnis,
911 3602 1006 3659 Moesrs
1028 3617 1055 3662 et
1069 3603 1129 3661 aliis
1148 3604 1257 3682 populis
1278 3604 1352 3664 bello
1366 3606 1449 3666 ador·

467 3711 510 3753 tus
525 3707 583 3751 erat
598 3694 643 3751 M.
668 3690 788 3756 Crassus,
811 3689 846 3747 de
869 3710 924 3768 qua
943 3692 1120 3767 expeditione
1140 3693 1200 3752 vid.
1221 3693 1291 3753 Dio.
1315 3695 1371 3762 LI,
1399 3716 1448 3755 22.

469 3806 504 3863 23
520 3784 579 3862 sqq.
618 3782 701 3841 Unde
715 3780 805 3839 versus
819 3779 936 3859 Virgilii
959 3780 1053 3840 dusius
1078 3784 1136 3842 Ge.
1151 3785 1203 3854 ⁴II,
1226 3805 1282 3864 497
1297 3803 1343 3843 aut
1365 3789 1451 3865 coqu·

469 3891 526 3933 rato
540 3876 680 3949 descendens
693 3872 780 3928 Dacus
800 3869 835 3927 ab
848 3871 922 3948 Istro.
959 3873 987 3929 A
1002 3874 1047 3931 M.
1062 3874 1185 3933 Antonio
1199 3875 1233 3933 ad
1254 3875 1412 3935 societatem
1423 3891 1455 3947 et¹

469 3963 571 4024 auxilia
592 3962 706 4019 serenda
720 3961 828 4039 pellesii
849 3962 957 4019 fuerant
969 3964 1011 4020 isti
1020 3964 1132 4041 populi;
1153 3983 1208 4043 quo
1227 3964 1330 4024 sesiam
1343 3967 1397 4025 esse
1410 3965 1451 4024 vi-

470 4057 561 4121 derur,
588 4068 618 4111 ut
641 4054 669 4109 in
692 4054 757 4110 fines
780 4053 921 4111 Romanos
947 4052 1047 4111 infestis
1071 4074 1137 4112 mox
1161 4054 1245 4113 armis
1269 4055 1455 4115 incurrerent.

471 4145 660 4221 Triumphum
674 4142 707 4198 de
719 4141 752 4199 iis
763 4140 822 4219 egit
838 4142 946 4200 Crassus
961 4143 1004 4202 IV
1021 4144 1099 4202 Non.
1114 4146 1171 4220 Jul.
1186 4144 1255 4224 726.
1295 4145 1453 4206 ProDacis

470 4232 689 4313 magnificentius
715 4230 803 4289 visum
825 4231 915 4308 positis
935 4232 1024 4290 Getas
1046 4233 1208 4292 nominare:
1239 4246 1269 4293 ut
1287 4235 1355 4293 AEn.
1380 4236 1456 4303 vll.

471 4328 542 4403 604,
556 4324 602 4381 ubi
613 4322 669 4380 vid.
685 4322 755 4379 Not.
770 4343 799 4399 p.
817 4326 853 4379 80
873 4323 913 4379 T.
929 4323 987 4380 III.
1002 4323 1103 4382 Horat.
1118 4322 1176 4382 od.
1190 4324 1245 4392 lv,
1263 4341 1274 4384 t
1279 4345 1309 4405 5,
1329 4344 1367 4384 22
1376 4346 1387 4393 3
1411 4340 1456 4382 at·

472 4434 525 4497 qae
536 4414 619 4478 etiam
632 4412 767 4491 Scythas:
791 4412 888 4490 Carm.
901 4412 959 4472 sec.
977 4434 1025 4493 55.

1356 4595 1397 4655 U.
1416 4594 1454 4656 C.
