3575 5509
524 675 1162 787 PR10R18ED1T10N18.
1294 736 1342 801 n

356 892 574 1008 reiectione
593 911 742 1023 septem
762 910 895 994 Codd.
915 913 1116 996 varietates
1150 911 1228 998 suis
1247 917 1346 1005 locic
1388 951 1390 956 ·

279 1130 282 1137 ,
354 1057 515 1149 inserui,
550 1070 673 1153 etex
692 1152 695 1157 Ι
716 1049 1018 1162 Edimburgenst
1053 1053 1347 1146 emendationes

356 1191 650 1307 Cuninghami,
679 1189 874 1270 Codicem
892 1188 1127 1271 Mediceum
1152 1193 1347 1306 aFoggi-

357 1338 428 1427 nio
445 1328 682 1445 expressum,
701 1329 877 1411 Vaticani
899 1327 1061 1410 Codicis
1088 1326 1305 1440 fragmenta
1322 1364 1345 1421 a

358 1473 538 1563 Bottatio
553 1465 709 1562 excusa,
732 1464 893 1546 Codicis
915 1464 1085 1546 Romani
1104 1465 1227 1546 varias
1245 1467 1347 1547 Lec-

359 1610 490 1693 tiones
505 1605 555 1688 ad
571 1605 717 1687 calcem
734 1602 784 1685 ab
802 1602 889 1714 ipso
901 1599 1068 1713 adjectas
1089 1601 1221 1688 sedulo
1233 1633 1346 1692 com.

359 1750 494 1860 paravi
524 1767 563 1828 et
593 1724 807 1855 exscripfie
835 1744 954 1826 trium
984 1744 1103 1827 etiam
1135 1745 1348 1842 Codicum,
1465 1839 1470 1846 ,

358 1914 459 1996 quos
492 1913 586 1965 cum
615 1882 756 1993 insigni
788 1882 923 1992 aliquo
954 1881 1054 1963 bene
1085 1882 1134 1965 de
1160 1906 1280 1967 meet
1299 1886 1349 1972 de

365 2021 731 2133 Virgiliomercndi
749 2018 874 2106 studio
896 2020 967 2103 Vir
985 2019 1129 2104 Illustr.
1150 2022 1233 2126 Jul.
1252 2025 1347 2109 Car.¹

362 2160 606 2272 Schlaegerus
634 2179 672 2239 et
697 2158 890 2239 obtulerat
921 2176 958 2237 et
989 2155 1251 2266 inspiciendos
1270 2163 1351 2243 mi-

363 2298 474 2390 sent,
496 2315 692 2408 excerptas
718 2296 923 2390 lectiones}
958 2293 1006 2375 de
1039 2293 1182 2406 quibus
1215 2299 1350 2408 paullo

357 2435 450 2548 post
469 2420 614 2526 dicem,
640 2433 801 2544 subjeci.
880 2433 1151 2527 Constitutum
1186 2436 1350 2545 quidem

361 2575 411 2656 ab
433 2560 556 2660 initio*
564 2573 772 2668 habebam,
790 2571 982 2657 dileiium
1002 2573 1176 2682 aliquem
1197 2577 1352 2660 variam

363 2717 466 2799 tium
483 2716 700 2807 ledtionum
718 2711 858 2796 facere.
918 2712 1146 2805 Enimvero,
1168 2740 1249 2822 quo
1264 2740 1351 2797 mu·

361 2853 427 2964 gis
444 2853 626 2946 rationes,
654 2849 822 2944 caunas,
843 2867 882 2961 et
901 2847 991 2931 usus
1016 2878 1149 2937 carum
1179 2850 1221 2936 in
1250 2880 1353 2968 quo·

366 3014 523 3099 cunque
539 2985 719 3097 scliptore
737 2985 991 3076 intellexerim
1021 3015 1068 3066 eo
1088 2986 1353 3073 difficiliorem

366 3125 484 3235 hujus
530 3125 677 3207 consilii
723 3124 910 3207 effedlum
958 3121 1032 3205 effe
1079 3124 1291 3232 praevideas
1312 3140 1350 3208 θ.

366 3262 539 3354 Deinde,
570 3261 596 3342 st
611 3262 825 3373 juventutis
845 3261 1054 3345 utilitatem
1070 3257 1353 3371 respiciendam

365 3399 441 3483 else
459 3401 630 3494 duxeris,
640 3421 684 3483 ut
704 3402 730 3480 ii
749 3400 924 3510 aliquem
940 3395 1076 3481 harum
1095 3428 1224 3485 rerum
1238 3398 1353 3487 usum

368 3536 664 3648 consequantur,
693 3539 736 3621 in
754 3538 821 3619 tali
839 3536 1027 3632 editione,
1062 3539 1189 3621 multo
1220 3559 1354 3625 autem

367 3682 497 3790 magis
515 3683 555 3761 in
573 3683 641 3766 tali
659 3689 774 3791 pocta
792 3677 891 3763 nihil
912 3679 1036 3763 abeffe
1054 3679 1250 3776 volebam,
1273 3709 1354 3791 quo

368 3814 417 3895 ad
437 3816 662 3896 varietatem
678 3815 860 3897 lectionis
879 3814 1039 3926 ejusque
1054 3815 1168 3899 usum
1186 3819 1354 3901 omnino
1437 3848 1440 3857 ·

365 3927 683 4058 cognoscendum
721 3947 1013 4047 adducerentur.
1072 3951 1220 4037 Reissc'ii
1256 3981 1355 4037 con-

366 4082 536 4193 jectum
556 4088 764 4173 nonnullas
792 4106 830 4171 et
847 4085 1129 4176 observationes
1148 4120 1220 4202 pro
1248 4091 1355 4177 mul.

409 4334 428 4366 ¹
448 4335 519 4396 Vid.
538 4335 624 4397 modo
648 4337 790 4396 Wetllcnii
812 4338 918 4419 proleg.
945 4340 981 4399 ad
1003 4341 1045 4401 N.
1067 4340 1106 4403 T.
1132 4363 1160 4420 p.
1185 4361 1357 4421 ¹99-2012

371 4416 498 4495 l’ittsod.
519 4427 596 4507 prael.
617 4426 654 4487 nd
678 4427 784 4488 Moerin
796 4448 825 4510 p.
846 4427 918 4502 XX.
938 4429 1011 4492 Vcn.
1036 4428 1141 4492 Ernesti
1164 4431 1240 4512 praef.
1261 4430 1358 4490 Taciti

364 4534 444 4596 153.

1234 4649 1360 4760 tiplici
1493 4749 1498 4759 .
