<?xml version="1.0" encoding="UTF-8"?>
<!DOCTYPE html PUBLIC "-//W3C//DTD XHTML 1.0 Transitional//EN"
    "http://www.w3.org/TR/xhtml1/DTD/xhtml1-transitional.dtd">
<html xmlns="http://www.w3.org/1999/xhtml" xml:lang="en" lang="en">
 <head>
  <title>
</title>
<meta http-equiv="Content-Type" content="text/html;charset=utf-8" />
  <meta name='ocr-system' content='tesseract 3.04.00' />
  <meta name='ocr-capabilities' content='ocr_page ocr_carea ocr_par ocr_line ocrx_word'/>
</head>
<body>
  <div class='ocr_page' id='page_1' title='image "./operavarietatel00virggoog_0374.png"; bbox 0 0 3575 5509; ppageno 0'>
   <div class='ocr_carea' id='block_1_1' title="bbox 410 677 1237 781">
    <p class='ocr_par' dir='ltr' id='par_1_1' title="bbox 410 677 1237 781">
     <span class='ocr_line' id='line_1_1' title="bbox 410 677 1237 781; baseline -0.015 -2"><span class='ocrx_word' id='word_1_1' title='bbox 410 709 477 781; x_wconf 68' lang='lat' dir='ltr'>sos</span> <span class='ocrx_word' id='word_1_2' title='bbox 533 696 575 773; x_wconf 81' lang='lat' dir='ltr'>r.</span> <span class='ocrx_word' id='word_1_3' title='bbox 604 677 896 771; x_wconf 73' lang='lat' dir='ltr'>&#39;ursorum</span> <span class='ocrx_word' id='word_1_4' title='bbox 946 689 1237 768; x_wconf 78' lang='lat' dir='ltr'>Manours</span> 
     </span>
    </p>
   </div>
   <div class='ocr_carea' id='block_1_2' title="bbox 327 865 1387 1885">
    <p class='ocr_par' dir='ltr' id='par_1_2' title="bbox 327 865 1387 1885">
     <span class='ocr_line' id='line_1_2' title="bbox 406 865 1386 969; baseline -0.019 -28"><span class='ocrx_word' id='word_1_5' title='bbox 406 882 567 969; x_wconf 81' lang='lat' dir='ltr'>potiffimum</span> <span class='ocrx_word' id='word_1_6' title='bbox 585 872 685 954; x_wconf 89' lang='lat' dir='ltr'>placita</span> <span class='ocrx_word' id='word_1_7' title='bbox 702 890 729 927; x_wconf 86' lang='lat' dir='ltr'>v.</span> <span class='ocrx_word' id='word_1_8' title='bbox 751 888 782 944; x_wconf 87' lang='lat'>3¹</span> <span class='ocrx_word' id='word_1_9' title='bbox 799 865 856 945; x_wconf 87' lang='lat' dir='ltr'><strong>sqq.</strong></span> <span class='ocrx_word' id='word_1_10' title='bbox 870 865 993 935; x_wconf 85' lang='lat' dir='ltr'>referam,</span> <span class='ocrx_word' id='word_1_11' title='bbox 1004 866 1103 938; x_wconf 85' lang='lat' dir='ltr'>video;</span> <span class='ocrx_word' id='word_1_12' title='bbox 1121 868 1209 946; x_wconf 77' lang='lat' dir='ltr'>quid?</span> <span class='ocrx_word' id='word_1_13' title='bbox 1227 868 1303 949; x_wconf 87' lang='lat' dir='ltr'>quod</span> <span class='ocrx_word' id='word_1_14' title='bbox 1315 889 1386 952; x_wconf 71' lang='lat' dir='ltr'>qua.</span> 
     </span>
     <span class='ocr_line' id='line_1_3' title="bbox 327 968 1387 1054; baseline -0.022 -9"><span class='ocrx_word' id='word_1_15' title='bbox 327 977 329 984; x_wconf 35' lang='lat'><strong>¹</strong></span> <span class='ocrx_word' id='word_1_16' title='bbox 404 1007 469 1053; x_wconf 74' lang='lat' dir='ltr'>auor</span> <span class='ocrx_word' id='word_1_17' title='bbox 478 985 620 1047; x_wconf 88' lang='lat' dir='ltr'>elementa,</span> <span class='ocrx_word' id='word_1_18' title='bbox 638 996 654 1035; x_wconf 92' lang='lat' dir='ltr'>e</span> <span class='ocrx_word' id='word_1_19' title='bbox 669 971 767 1054; x_wconf 82' lang='lat' dir='ltr'>quibua</span> <span class='ocrx_word' id='word_1_20' title='bbox 780 969 932 1029; x_wconf 86' lang='lat' dir='ltr'>universum</span> <span class='ocrx_word' id='word_1_21' title='bbox 945 968 987 1027; x_wconf 92' lang='lat' dir='ltr'>ibi</span> <span class='ocrx_word' id='word_1_22' title='bbox 1005 970 1176 1041; x_wconf 81' lang='lat' dir='ltr'>construitur,</span> <span class='ocrx_word' id='word_1_23' title='bbox 1194 991 1254 1050; x_wconf 81' lang='lat' dir='ltr'>quae</span> <span class='ocrx_word' id='word_1_24' title='bbox 1264 974 1301 1031; x_wconf 87' lang='lat' dir='ltr'>ad</span> <span class='ocrx_word' id='word_1_25' title='bbox 1316 972 1387 1033; x_wconf 82' lang='lat' dir='ltr'>Eut.</span> 
     </span>
     <span class='ocr_line' id='line_1_4' title="bbox 403 1071 1385 1174; baseline -0.013 -26"><span class='ocrx_word' id='word_1_26' title='bbox 403 1088 561 1174; x_wconf 84' lang='lat' dir='ltr'>peducleam</span> <span class='ocrx_word' id='word_1_27' title='bbox 581 1080 712 1139; x_wconf 87' lang='lat' dir='ltr'>rationem</span> <span class='ocrx_word' id='word_1_28' title='bbox 725 1073 870 1153; x_wconf 84' lang='lat' dir='ltr'>pertinent,</span> <span class='ocrx_word' id='word_1_29' title='bbox 889 1072 924 1130; x_wconf 90' lang='lat' dir='ltr'>ab</span> <span class='ocrx_word' id='word_1_30' title='bbox 938 1071 1129 1151; x_wconf 83' lang='lat' dir='ltr'>Epicureorum</span> <span class='ocrx_word' id='word_1_31' title='bbox 1142 1074 1266 1154; x_wconf 83' lang='lat' dir='ltr'>principe</span> <span class='ocrx_word' id='word_1_32' title='bbox 1278 1075 1385 1135; x_wconf 91' lang='lat' dir='ltr'>Lucre·</span> 
     </span>
     <span class='ocr_line' id='line_1_5' title="bbox 402 1173 1384 1266; baseline -0.023 -14"><span class='ocrx_word' id='word_1_33' title='bbox 402 1193 446 1252; x_wconf 89' lang='lat' dir='ltr'>tio</span> <span class='ocrx_word' id='word_1_34' title='bbox 456 1187 627 1266; x_wconf 78' lang='lat' dir='ltr'>exagitantur</span> <span class='ocrx_word' id='word_1_35' title='bbox 639 1179 665 1249; x_wconf 88' lang='lat' dir='ltr'>I,</span> <span class='ocrx_word' id='word_1_36' title='bbox 683 1199 751 1258; x_wconf 80' lang='lat'>717,</span> <span class='ocrx_word' id='word_1_37' title='bbox 763 1193 790 1235; x_wconf 90' lang='lat' dir='ltr'>et</span> <span class='ocrx_word' id='word_1_38' title='bbox 803 1174 901 1233; x_wconf 86' lang='lat' dir='ltr'>nititur</span> <span class='ocrx_word' id='word_1_39' title='bbox 914 1188 970 1232; x_wconf 87' lang='lat' dir='ltr'>tota</span> <span class='ocrx_word' id='word_1_40' title='bbox 982 1174 1017 1232; x_wconf 93' lang='lat' dir='ltr'>de</span> <span class='ocrx_word' id='word_1_41' title='bbox 1030 1173 1153 1253; x_wconf 85' lang='lat' dir='ltr'>Virgilio</span> <span class='ocrx_word' id='word_1_42' title='bbox 1166 1176 1307 1254; x_wconf 84' lang='lat' dir='ltr'>Epicureae</span> <span class='ocrx_word' id='word_1_43' title='bbox 1317 1175 1384 1255; x_wconf 88' lang='lat' dir='ltr'>phi.</span> 
     </span>
     <span class='ocr_line' id='line_1_6' title="bbox 403 1277 1382 1376; baseline -0.014 -22"><span class='ocrx_word' id='word_1_44' title='bbox 403 1291 536 1372; x_wconf 82' lang='lat' dir='ltr'>lolophiae</span> <span class='ocrx_word' id='word_1_45' title='bbox 549 1288 675 1347; x_wconf 74' lang='lat' dir='ltr'>sectatore</span> <span class='ocrx_word' id='word_1_46' title='bbox 691 1279 845 1376; x_wconf 64' lang='lat' dir='ltr'>fabulalide</span> <span class='ocrx_word' id='word_1_47' title='bbox 860 1277 1057 1356; x_wconf 79' lang='lat' dir='ltr'>Pseudodonati</span> <span class='ocrx_word' id='word_1_48' title='bbox 1068 1293 1096 1337; x_wconf 92' lang='lat' dir='ltr'>et</span> <span class='ocrx_word' id='word_1_49' title='bbox 1114 1278 1213 1347; x_wconf 84' lang='lat' dir='ltr'>Servii,</span> <span class='ocrx_word' id='word_1_50' title='bbox 1231 1294 1279 1339; x_wconf 87' lang='lat' dir='ltr'>aot</span> <span class='ocrx_word' id='word_1_51' title='bbox 1289 1281 1382 1361; x_wconf 73' lang='lat' dir='ltr'>potius</span> 
     </span>
     <span class='ocr_line' id='line_1_7' title="bbox 402 1384 1381 1463; baseline -0.011 -5"><span class='ocrx_word' id='word_1_52' title='bbox 402 1398 602 1458; x_wconf 79' lang='lat' dir='ltr'>vaniffimomn</span> <span class='ocrx_word' id='word_1_53' title='bbox 624 1387 776 1457; x_wconf 87' lang='lat' dir='ltr'>hominum,</span> <span class='ocrx_word' id='word_1_54' title='bbox 795 1385 843 1463; x_wconf 87' lang='lat' dir='ltr'>qui</span> <span class='ocrx_word' id='word_1_55' title='bbox 864 1384 976 1444; x_wconf 85' lang='lat' dir='ltr'>nomina</span> <span class='ocrx_word' id='word_1_56' title='bbox 999 1384 1047 1443; x_wconf 84' lang='lat' dir='ltr'>ista</span> <span class='ocrx_word' id='word_1_57' title='bbox 1071 1384 1133 1445; x_wconf 88' lang='lat' dir='ltr'>sont</span> <span class='ocrx_word' id='word_1_58' title='bbox 1156 1386 1275 1449; x_wconf 71' lang='lat' dir='ltr'>mentiti.</span> <span class='ocrx_word' id='word_1_59' title='bbox 1313 1387 1381 1449; x_wconf 85' lang='lat' dir='ltr'>Fuit</span> 
     </span>
     <span class='ocr_line' id='line_1_8' title="bbox 402 1485 1380 1573; baseline -0.012 -15"><span class='ocrx_word' id='word_1_60' title='bbox 402 1516 494 1561; x_wconf 88' lang='lat' dir='ltr'>autem</span> <span class='ocrx_word' id='word_1_61' title='bbox 506 1493 682 1573; x_wconf 86' lang='lat' dir='ltr'>antiquiffima</span> <span class='ocrx_word' id='word_1_62' title='bbox 701 1487 793 1567; x_wconf 84' lang='lat' dir='ltr'>aliqua</span> <span class='ocrx_word' id='word_1_63' title='bbox 811 1487 977 1547; x_wconf 81' lang='lat' dir='ltr'>reconditior</span> <span class='ocrx_word' id='word_1_64' title='bbox 992 1485 1084 1548; x_wconf 71' lang='lat' dir='ltr'>fabulo</span> <span class='ocrx_word' id='word_1_65' title='bbox 1101 1487 1137 1548; x_wconf 91' lang='lat' dir='ltr'>de</span> <span class='ocrx_word' id='word_1_66' title='bbox 1157 1487 1244 1547; x_wconf 82' lang='lat' dir='ltr'>Sileni</span> <span class='ocrx_word' id='word_1_67' title='bbox 1262 1488 1380 1569; x_wconf 83' lang='lat' dir='ltr'>philoso-</span> 
     </span>
     <span class='ocr_line' id='line_1_9' title="bbox 403 1590 1381 1685; baseline -0.012 -21"><span class='ocrx_word' id='word_1_68' title='bbox 403 1604 469 1685; x_wconf 92' lang='lat' dir='ltr'>phia</span> <span class='ocrx_word' id='word_1_69' title='bbox 490 1617 518 1661; x_wconf 93' lang='lat' dir='ltr'>et</span> <span class='ocrx_word' id='word_1_70' title='bbox 541 1599 619 1679; x_wconf 78' lang='lat' dir='ltr'>super</span> <span class='ocrx_word' id='word_1_71' title='bbox 643 1614 683 1653; x_wconf 84' lang='lat' dir='ltr'>rer</span> <span class='ocrx_word' id='word_1_72' title='bbox 698 1592 829 1651; x_wconf 77' lang='lat' dir='ltr'>naturales</span> <span class='ocrx_word' id='word_1_73' title='bbox 849 1604 877 1649; x_wconf 92' lang='lat' dir='ltr'>et</span> <span class='ocrx_word' id='word_1_74' title='bbox 900 1591 1011 1649; x_wconf 84' lang='lat' dir='ltr'>morales</span> <span class='ocrx_word' id='word_1_75' title='bbox 1031 1590 1274 1671; x_wconf 78' lang='lat' dir='ltr'>disputariomhut3</span> <span class='ocrx_word' id='word_1_76' title='bbox 1293 1614 1381 1675; x_wconf 86' lang='lat' dir='ltr'>neque</span> 
     </span>
     <span class='ocr_line' id='line_1_10' title="bbox 401 1696 1382 1783; baseline -0.019 -12"><span class='ocrx_word' id='word_1_77' title='bbox 401 1730 502 1770; x_wconf 84' lang='lat' dir='ltr'>vanum</span> <span class='ocrx_word' id='word_1_78' title='bbox 514 1708 561 1775; x_wconf 85' lang='lat' dir='ltr'>est,</span> <span class='ocrx_word' id='word_1_79' title='bbox 580 1700 653 1783; x_wconf 89' lang='lat' dir='ltr'>quod</span> <span class='ocrx_word' id='word_1_80' title='bbox 668 1696 761 1759; x_wconf 89' lang='lat' dir='ltr'>Servio</span> <span class='ocrx_word' id='word_1_81' title='bbox 774 1696 902 1756; x_wconf 85' lang='lat' dir='ltr'>insertum</span> <span class='ocrx_word' id='word_1_82' title='bbox 914 1696 997 1756; x_wconf 86' lang='lat' dir='ltr'>estad</span> <span class='ocrx_word' id='word_1_83' title='bbox 1011 1718 1039 1757; x_wconf 88' lang='lat' dir='ltr'>v.</span> <span class='ocrx_word' id='word_1_84' title='bbox 1056 1717 1066 1755; x_wconf 88' lang='lat' dir='ltr'>r</span> <span class='ocrx_word' id='word_1_85' title='bbox 1073 1716 1088 1773; x_wconf 83' lang='lat'>3</span> <span class='ocrx_word' id='word_1_86' title='bbox 1110 1699 1179 1758; x_wconf 78' lang='lat' dir='ltr'>Sane</span> <span class='ocrx_word' id='word_1_87' title='bbox 1195 1698 1239 1759; x_wconf 78' lang='lat' dir='ltr'>hoc</span> <span class='ocrx_word' id='word_1_88' title='bbox 1255 1701 1287 1758; x_wconf 72' lang='lat' dir='ltr'>de</span> <span class='ocrx_word' id='word_1_89' title='bbox 1297 1700 1382 1762; x_wconf 50' lang='lat' dir='ltr'>Sd&amp;</span> 
     </span>
     <span class='ocr_line' id='line_1_11' title="bbox 403 1785 1382 1885; baseline -0.017 -11"><span class='ocrx_word' id='word_1_90' title='bbox 403 1836 454 1874; x_wconf 84' lang='lat' dir='ltr'>non</span> <span class='ocrx_word' id='word_1_91' title='bbox 465 1809 647 1885; x_wconf 68' lang='lat' dir='ltr'>dicitarficium</span> <span class='ocrx_word' id='word_1_92' title='bbox 665 1826 684 1862; x_wconf 88' lang='lat' dir='ltr'>a</span> <span class='ocrx_word' id='word_1_93' title='bbox 697 1800 813 1883; x_wconf 84' lang='lat' dir='ltr'>Virgilio,</span> <span class='ocrx_word' id='word_1_94' title='bbox 821 1785 823 1792; x_wconf 31' lang='grc' dir='ltr'><strong>Ι</strong></span> <span class='ocrx_word' id='word_1_95' title='bbox 823 1803 875 1877; x_wconf 76' lang='lat' dir='ltr'>std</span> <span class='ocrx_word' id='word_1_96' title='bbox 890 1826 909 1860; x_wconf 89' lang='lat' dir='ltr'>a</span> <span class='ocrx_word' id='word_1_97' title='bbox 922 1800 1069 1879; x_wconf 73' lang='lat' dir='ltr'>Theopompo</span> <span class='ocrx_word' id='word_1_98' title='bbox 1079 1803 1236 1878; x_wconf 72' lang='lat' dir='ltr'>transsatum.</span> <span class='ocrx_word' id='word_1_99' title='bbox 1272 1804 1302 1862; x_wconf 86' lang='lat' dir='ltr'>Is</span> <span class='ocrx_word' id='word_1_100' title='bbox 1313 1814 1382 1864; x_wconf 65' lang='lat' dir='ltr'>enin</span> 
     </span>
    </p>
   </div>
   <div class='ocr_carea' id='block_1_3' title="bbox 285 1907 1379 1995">
    <p class='ocr_par' dir='ltr' id='par_1_3' title="bbox 285 1907 1379 1995">
     <span class='ocr_line' id='line_1_12' title="bbox 285 1907 1379 1995; baseline -0.003 -22"><span class='ocrx_word' id='word_1_101' title='bbox 285 1955 290 1965; x_wconf 80' lang='lat'><strong>·</strong></span> <span class='ocrx_word' id='word_1_102' title='bbox 402 1916 577 1995; x_wconf 77' lang='lat' dir='ltr'>apprehensum</span> <span class='ocrx_word' id='word_1_103' title='bbox 589 1908 697 1970; x_wconf 83' lang='lat' dir='ltr'>Silenum</span> <span class='ocrx_word' id='word_1_104' title='bbox 711 1931 729 1965; x_wconf 89' lang='lat' dir='ltr'>a</span> <span class='ocrx_word' id='word_1_105' title='bbox 747 1907 832 1965; x_wconf 83' lang='lat' dir='ltr'>Midae</span> <span class='ocrx_word' id='word_1_106' title='bbox 853 1914 917 1989; x_wconf 79' lang='lat' dir='ltr'>regis</span> <span class='ocrx_word' id='word_1_107' title='bbox 930 1907 1064 1985; x_wconf 79' lang='lat' dir='ltr'>pastoribus</span> <span class='ocrx_word' id='word_1_108' title='bbox 1082 1909 1141 1967; x_wconf 80' lang='lat' dir='ltr'>dicit</span> <span class='ocrx_word' id='word_1_109' title='bbox 1153 1907 1260 1985; x_wconf 69' lang='lat' dir='ltr'>crapula</span> <span class='ocrx_word' id='word_1_110' title='bbox 1276 1911 1379 1970; x_wconf 70' lang='lat' dir='ltr'>moden·</span> 
     </span>
    </p>
   </div>
   <div class='ocr_carea' id='block_1_4' title="bbox 398 2009 1448 2308">
    <p class='ocr_par' dir='ltr' id='par_1_4' title="bbox 398 2009 1448 2308">
     <span class='ocr_line' id='line_1_13' title="bbox 402 2009 1448 2106; baseline -0.006 -28"><span class='ocrx_word' id='word_1_111' title='bbox 402 2037 453 2081; x_wconf 80' lang='lat' dir='ltr'>tem</span> <span class='ocrx_word' id='word_1_112' title='bbox 476 2033 502 2078; x_wconf 80' lang='lat' dir='ltr'>et</span> <span class='ocrx_word' id='word_1_113' title='bbox 518 2040 553 2075; x_wconf 67' lang='lat' dir='ltr'>eo</span> <span class='ocrx_word' id='word_1_114' title='bbox 570 2038 601 2074; x_wconf 82' lang='lat' dir='ltr'>ea</span> <span class='ocrx_word' id='word_1_115' title='bbox 616 2017 777 2091; x_wconf 62' lang='lat' dir='ltr'>soporatum</span> <span class='ocrx_word' id='word_1_116' title='bbox 802 2009 855 2068; x_wconf 83' lang='lat' dir='ltr'>iilos</span> <span class='ocrx_word' id='word_1_117' title='bbox 876 2011 929 2069; x_wconf 82' lang='lat' dir='ltr'>dolo</span> <span class='ocrx_word' id='word_1_118' title='bbox 947 2015 1067 2092; x_wconf 70' lang='lat' dir='ltr'>aggresus</span> <span class='ocrx_word' id='word_1_119' title='bbox 1083 2014 1237 2072; x_wconf 69' lang='lat' dir='ltr'>dormientem</span> <span class='ocrx_word' id='word_1_120' title='bbox 1258 2018 1380 2094; x_wconf 72' lang='lat' dir='ltr'>vinmffe,</span> <span class='ocrx_word' id='word_1_121' title='bbox 1446 2101 1448 2106; x_wconf 28' lang='grc' dir='ltr'>Ι</span> 
     </span>
     <span class='ocr_line' id='line_1_14' title="bbox 398 2112 1381 2203; baseline 0 -26"><span class='ocrx_word' id='word_1_122' title='bbox 398 2126 481 2203; x_wconf 70' lang='lat' dir='ltr'>postea</span> <span class='ocrx_word' id='word_1_123' title='bbox 505 2115 614 2178; x_wconf 80' lang='lat' dir='ltr'>vinculis</span> <span class='ocrx_word' id='word_1_124' title='bbox 622 2122 710 2194; x_wconf 76' lang='lat' dir='ltr'>sponte</span> <span class='ocrx_word' id='word_1_125' title='bbox 729 2113 866 2171; x_wconf 83' lang='lat' dir='ltr'>labentibus</span> <span class='ocrx_word' id='word_1_126' title='bbox 889 2112 1020 2171; x_wconf 75' lang='lat' dir='ltr'>liberatum</span> <span class='ocrx_word' id='word_1_127' title='bbox 1039 2115 1069 2171; x_wconf 88' lang='lat' dir='ltr'>de</span> <span class='ocrx_word' id='word_1_128' title='bbox 1089 2114 1157 2172; x_wconf 79' lang='lat' dir='ltr'>rebus</span> <span class='ocrx_word' id='word_1_129' title='bbox 1177 2116 1337 2177; x_wconf 75' lang='lat' dir='ltr'>naturalibus</span> <span class='ocrx_word' id='word_1_130' title='bbox 1355 2138 1381 2182; x_wconf 79' lang='lat' dir='ltr'>et</span> 
     </span>
     <span class='ocr_line' id='line_1_15' title="bbox 401 2218 1381 2308; baseline -0.004 -22"><span class='ocrx_word' id='word_1_131' title='bbox 401 2235 510 2308; x_wconf 70' lang='lat' dir='ltr'>antiquis</span> <span class='ocrx_word' id='word_1_132' title='bbox 533 2226 616 2284; x_wconf 85' lang='lat' dir='ltr'>Midae</span> <span class='ocrx_word' id='word_1_133' title='bbox 635 2228 800 2299; x_wconf 82' lang='lat' dir='ltr'>interroganti</span> <span class='ocrx_word' id='word_1_134' title='bbox 832 2222 979 2295; x_wconf 68' lang='lat' dir='ltr'>respondffe.</span> <span class='ocrx_word' id='word_1_135' title='bbox 1031 2218 1121 2278; x_wconf 77' lang='lat' dir='ltr'>Locus</span> <span class='ocrx_word' id='word_1_136' title='bbox 1141 2218 1195 2278; x_wconf 84' lang='lat' dir='ltr'>fuit</span> <span class='ocrx_word' id='word_1_137' title='bbox 1218 2221 1269 2281; x_wconf 72' lang='lat' dir='ltr'>hoc</span> <span class='ocrx_word' id='word_1_138' title='bbox 1291 2222 1327 2282; x_wconf 91' lang='lat' dir='ltr'>de</span> <span class='ocrx_word' id='word_1_139' title='bbox 1349 2245 1381 2292; x_wconf 78' lang='lat' dir='ltr'>re</span> 
     </span>
    </p>
   </div>
   <div class='ocr_carea' id='block_1_5' title="bbox 319 2324 1382 4674">
    <p class='ocr_par' dir='ltr' id='par_1_5' title="bbox 319 2324 1382 4591">
     <span class='ocr_line' id='line_1_16' title="bbox 401 2324 1382 2409; baseline -0.004 -15"><span class='ocrx_word' id='word_1_140' title='bbox 401 2324 521 2394; x_wconf 81' lang='lat' dir='ltr'>claliicus</span> <span class='ocrx_word' id='word_1_141' title='bbox 545 2329 573 2389; x_wconf 90' lang='lat' dir='ltr'>in</span> <span class='ocrx_word' id='word_1_142' title='bbox 599 2326 772 2405; x_wconf 84' lang='lat' dir='ltr'>Theopompi</span> <span class='ocrx_word' id='word_1_143' title='bbox 793 2326 980 2385; x_wconf 84' lang='lat' dir='ltr'>Thaumaliis:</span> <span class='ocrx_word' id='word_1_144' title='bbox 1009 2328 1081 2386; x_wconf 90' lang='lat' dir='ltr'>unde</span> <span class='ocrx_word' id='word_1_145' title='bbox 1103 2342 1229 2409; x_wconf 79' lang='lat' dir='ltr'>excerpta</span> <span class='ocrx_word' id='word_1_146' title='bbox 1245 2332 1382 2409; x_wconf 77' lang='lat' dir='ltr'>particula</span> 
     </span>
     <span class='ocr_line' id='line_1_17' title="bbox 402 2432 1380 2519; baseline 0.007 -26"><span class='ocrx_word' id='word_1_147' title='bbox 402 2439 474 2519; x_wconf 80' lang='lat' dir='ltr'>apud</span> <span class='ocrx_word' id='word_1_148' title='bbox 496 2435 600 2497; x_wconf 89' lang='lat' dir='ltr'>AElian.</span> <span class='ocrx_word' id='word_1_149' title='bbox 614 2433 683 2493; x_wconf 87' lang='lat' dir='ltr'>Var.</span> <span class='ocrx_word' id='word_1_150' title='bbox 707 2432 779 2489; x_wconf 87' lang='lat' dir='ltr'>Hist.</span> <span class='ocrx_word' id='word_1_151' title='bbox 801 2432 856 2500; x_wconf 88' lang='grc' dir='ltr'><strong>ΙΙΙ,</strong></span> <span class='ocrx_word' id='word_1_152' title='bbox 879 2436 925 2501; x_wconf 87' lang='lat'>18,</span> <span class='ocrx_word' id='word_1_153' title='bbox 945 2432 993 2490; x_wconf 92' lang='lat' dir='ltr'>ubi</span> <span class='ocrx_word' id='word_1_154' title='bbox 1012 2433 1070 2493; x_wconf 82' lang='lat' dir='ltr'>vid.</span> <span class='ocrx_word' id='word_1_155' title='bbox 1083 2434 1174 2513; x_wconf 89' lang='lat' dir='ltr'>Intpp.</span> <span class='ocrx_word' id='word_1_156' title='bbox 1192 2449 1221 2494; x_wconf 91' lang='lat' dir='ltr'>et</span> <span class='ocrx_word' id='word_1_157' title='bbox 1239 2456 1308 2515; x_wconf 89' lang='lat' dir='ltr'>quos</span> <span class='ocrx_word' id='word_1_158' title='bbox 1320 2440 1380 2500; x_wconf 76' lang='lat' dir='ltr'>lau-</span> 
     </span>
     <span class='ocr_line' id='line_1_18' title="bbox 401 2532 1379 2615; baseline 0.002 -16"><span class='ocrx_word' id='word_1_159' title='bbox 401 2540 478 2599; x_wconf 84' lang='lat' dir='ltr'>dant.</span> <span class='ocrx_word' id='word_1_160' title='bbox 519 2535 649 2615; x_wconf 86' lang='lat' dir='ltr'>Appofita</span> <span class='ocrx_word' id='word_1_161' title='bbox 671 2532 713 2592; x_wconf 93' lang='lat' dir='ltr'>ibi</span> <span class='ocrx_word' id='word_1_162' title='bbox 731 2533 848 2592; x_wconf 88' lang='lat' dir='ltr'>narratio</span> <span class='ocrx_word' id='word_1_163' title='bbox 869 2532 991 2613; x_wconf 76' lang='lat' dir='ltr'>Sophiste</span> <span class='ocrx_word' id='word_1_164' title='bbox 1014 2534 1106 2613; x_wconf 85' lang='lat' dir='ltr'>aliquo</span> <span class='ocrx_word' id='word_1_165' title='bbox 1125 2535 1237 2615; x_wconf 80' lang='lat' dir='ltr'>dignior</span> <span class='ocrx_word' id='word_1_166' title='bbox 1250 2536 1287 2598; x_wconf 84' lang='lat' dir='ltr'>dc</span> <span class='ocrx_word' id='word_1_167' title='bbox 1306 2553 1379 2601; x_wconf 81' lang='lat' dir='ltr'>terra</span> 
     </span>
     <span class='ocr_line' id='line_1_19' title="bbox 400 2616 1380 2723; baseline 0.004 -22"><span class='ocrx_word' id='word_1_168' title='bbox 400 2639 586 2719; x_wconf 88' lang='lat' dir='ltr'>Meropidein</span> <span class='ocrx_word' id='word_1_169' title='bbox 606 2616 716 2696; x_wconf 86' lang='lat' dir='ltr'>Oceano</span> <span class='ocrx_word' id='word_1_170' title='bbox 739 2639 786 2695; x_wconf 85' lang='lat' dir='ltr'>lita</span> <span class='ocrx_word' id='word_1_171' title='bbox 807 2638 927 2715; x_wconf 88' lang='lat' dir='ltr'>mythice</span> <span class='ocrx_word' id='word_1_172' title='bbox 940 2655 1079 2699; x_wconf 82' lang='lat' dir='ltr'>exornata.</span> <span class='ocrx_word' id='word_1_173' title='bbox 1116 2621 1266 2723; x_wconf 72' lang='lat' dir='ltr'>Antiquior</span> <span class='ocrx_word' id='word_1_174' title='bbox 1287 2658 1380 2705; x_wconf 80' lang='lat' dir='ltr'>tamen</span> 
     </span>
     <span class='ocr_line' id='line_1_20' title="bbox 399 2740 1378 2821; baseline 0.003 -17"><span class='ocrx_word' id='word_1_175' title='bbox 399 2742 490 2821; x_wconf 80' lang='lat' dir='ltr'>ruythi</span> <span class='ocrx_word' id='word_1_176' title='bbox 504 2741 646 2800; x_wconf 70' lang='lat' dir='ltr'>authoritas</span> <span class='ocrx_word' id='word_1_177' title='bbox 661 2741 732 2811; x_wconf 86' lang='lat' dir='ltr'>fuit;</span> <span class='ocrx_word' id='word_1_178' title='bbox 752 2740 844 2799; x_wconf 86' lang='lat' dir='ltr'>saltem</span> <span class='ocrx_word' id='word_1_179' title='bbox 860 2740 983 2810; x_wconf 90' lang='lat' dir='ltr'>Pindari,</span> <span class='ocrx_word' id='word_1_180' title='bbox 1000 2760 1073 2811; x_wconf 84' lang='lat' dir='ltr'>nam,</span> <span class='ocrx_word' id='word_1_181' title='bbox 1093 2742 1167 2821; x_wconf 90' lang='lat' dir='ltr'>quod</span> <span class='ocrx_word' id='word_1_182' title='bbox 1187 2741 1235 2803; x_wconf 91' lang='lat' dir='ltr'>ille</span> <span class='ocrx_word' id='word_1_183' title='bbox 1255 2740 1378 2807; x_wconf 77' lang='lat' dir='ltr'>Silenum</span> 
     </span>
     <span class='ocr_line' id='line_1_21' title="bbox 399 2844 1377 2924; baseline 0.005 -19"><span class='ocrx_word' id='word_1_184' title='bbox 399 2866 463 2905; x_wconf 88' lang='lat' dir='ltr'>cum</span> <span class='ocrx_word' id='word_1_185' title='bbox 477 2845 598 2924; x_wconf 88' lang='lat' dir='ltr'>Olympo</span> <span class='ocrx_word' id='word_1_186' title='bbox 609 2845 825 2904; x_wconf 85' lang='lat' dir='ltr'>confabulantem</span> <span class='ocrx_word' id='word_1_187' title='bbox 842 2844 963 2912; x_wconf 85' lang='lat' dir='ltr'>induxit,</span> <span class='ocrx_word' id='word_1_188' title='bbox 982 2846 1154 2923; x_wconf 71' lang='lat' dir='ltr'>conjunctum</span> <span class='ocrx_word' id='word_1_189' title='bbox 1166 2866 1229 2905; x_wconf 83' lang='lat' dir='ltr'>cunt</span> <span class='ocrx_word' id='word_1_190' title='bbox 1241 2846 1292 2909; x_wconf 92' lang='lat' dir='ltr'>illo</span> <span class='ocrx_word' id='word_1_191' title='bbox 1305 2850 1360 2911; x_wconf 88' lang='lat' dir='ltr'>fuit</span> <span class='ocrx_word' id='word_1_192' title='bbox 1365 2874 1377 2922; x_wconf 59' lang='grc' dir='ltr'>ε</span> 
     </span>
     <span class='ocr_line' id='line_1_22' title="bbox 399 2950 1379 3030; baseline 0.004 -19"><span class='ocrx_word' id='word_1_193' title='bbox 399 2953 438 3011; x_wconf 83' lang='lat' dir='ltr'>est</span> <span class='ocrx_word' id='word_1_194' title='bbox 460 2952 532 3010; x_wconf 90' lang='lat' dir='ltr'>enim</span> <span class='ocrx_word' id='word_1_195' title='bbox 557 2952 692 3030; x_wconf 82' lang='lat' dir='ltr'>Olympus</span> <span class='ocrx_word' id='word_1_196' title='bbox 714 2950 831 3029; x_wconf 78' lang='lat' dir='ltr'>Marsyae</span> <span class='ocrx_word' id='word_1_197' title='bbox 851 2952 965 3030; x_wconf 79' lang='lat' dir='ltr'>Phrygis</span> <span class='ocrx_word' id='word_1_198' title='bbox 988 2953 1119 3010; x_wconf 85' lang='lat' dir='ltr'>alumnus.</span> <span class='ocrx_word' id='word_1_199' title='bbox 1178 2951 1284 3012; x_wconf 86' lang='lat' dir='ltr'>Vocem</span> <span class='ocrx_word' id='word_1_200' title='bbox 1310 2952 1379 3016; x_wconf 91' lang='lat' dir='ltr'>inde</span> 
     </span>
     <span class='ocr_line' id='line_1_23' title="bbox 399 3045 1379 3135; baseline 0.001 -20"><span class='ocrx_word' id='word_1_201' title='bbox 399 3056 518 3133; x_wconf 61' lang='grc' dir='ltr'>ἶφῆμςος</span> <span class='ocrx_word' id='word_1_202' title='bbox 528 3075 578 3135; x_wconf 89' lang='lat' dir='ltr'>pro</span> <span class='ocrx_word' id='word_1_203' title='bbox 590 3055 702 3114; x_wconf 92' lang='lat' dir='ltr'>homine</span> <span class='ocrx_word' id='word_1_204' title='bbox 713 3056 804 3114; x_wconf 91' lang='lat' dir='ltr'>laudat</span> <span class='ocrx_word' id='word_1_205' title='bbox 818 3045 910 3112; x_wconf 85' lang='lat' dir='ltr'>Schol.</span> <span class='ocrx_word' id='word_1_206' title='bbox 927 3053 1060 3131; x_wconf 79' lang='lat' dir='ltr'>Aristoph.</span> <span class='ocrx_word' id='word_1_207' title='bbox 1075 3052 1155 3112; x_wconf 85' lang='lat' dir='ltr'>Nub.</span> <span class='ocrx_word' id='word_1_208' title='bbox 1175 3072 1229 3129; x_wconf 85' lang='lat'>²23</span> <span class='ocrx_word' id='word_1_209' title='bbox 1245 3069 1273 3114; x_wconf 89' lang='lat' dir='ltr'>et</span> <span class='ocrx_word' id='word_1_210' title='bbox 1289 3075 1324 3114; x_wconf 84' lang='lat' dir='ltr'>ex</span> <span class='ocrx_word' id='word_1_211' title='bbox 1342 3076 1379 3116; x_wconf 87' lang='lat' dir='ltr'>eo</span> 
     </span>
     <span class='ocr_line' id='line_1_24' title="bbox 319 3157 1380 3245; baseline 0.01 -33"><span class='ocrx_word' id='word_1_212' title='bbox 319 3210 321 3212; x_wconf 83' lang='grc'><em>,</em></span> <span class='ocrx_word' id='word_1_213' title='bbox 399 3159 508 3219; x_wconf 86' lang='lat' dir='ltr'>Suidas.</span> <span class='ocrx_word' id='word_1_214' title='bbox 548 3161 657 3219; x_wconf 85' lang='lat' dir='ltr'>Servata</span> <span class='ocrx_word' id='word_1_215' title='bbox 677 3180 711 3217; x_wconf 90' lang='lat' dir='ltr'>ex</span> <span class='ocrx_word' id='word_1_216' title='bbox 736 3160 816 3218; x_wconf 76' lang='lat' dir='ltr'>dictis</span> <span class='ocrx_word' id='word_1_217' title='bbox 834 3158 887 3217; x_wconf 86' lang='lat' dir='ltr'>illis</span> <span class='ocrx_word' id='word_1_218' title='bbox 901 3157 1046 3217; x_wconf 86' lang='lat' dir='ltr'>sententia:</span> <span class='ocrx_word' id='word_1_219' title='bbox 1067 3162 1195 3236; x_wconf 70' lang='lat' dir='ltr'>nounefii</span> <span class='ocrx_word' id='word_1_220' title='bbox 1204 3159 1380 3245; x_wconf 78' lang='lat' dir='ltr'>bominilonge</span> 
     </span>
     <span class='ocr_line' id='line_1_25' title="bbox 397 3260 1377 3340; baseline 0.001 -20"><span class='ocrx_word' id='word_1_221' title='bbox 397 3272 512 3340; x_wconf 81' lang='lat' dir='ltr'>optimum</span> <span class='ocrx_word' id='word_1_222' title='bbox 524 3266 578 3340; x_wconf 83' lang='lat' dir='ltr'>effe,</span> <span class='ocrx_word' id='word_1_223' title='bbox 594 3271 733 3338; x_wconf 81' lang='lat' dir='ltr'>proximum</span> <span class='ocrx_word' id='word_1_224' title='bbox 754 3280 847 3330; x_wconf 77' lang='lat' dir='ltr'>autera,</span> <span class='ocrx_word' id='word_1_225' title='bbox 865 3286 940 3340; x_wconf 80' lang='lat' dir='ltr'>quom</span> <span class='ocrx_word' id='word_1_226' title='bbox 956 3270 1065 3337; x_wconf 81' lang='lat' dir='ltr'>primum</span> <span class='ocrx_word' id='word_1_227' title='bbox 1085 3271 1148 3321; x_wconf 72' lang='lat' dir='ltr'>moti</span> <span class='ocrx_word' id='word_1_228' title='bbox 1165 3260 1229 3321; x_wconf 87' lang='lat' dir='ltr'>Cic.</span> <span class='ocrx_word' id='word_1_229' title='bbox 1244 3262 1330 3321; x_wconf 88' lang='lat' dir='ltr'>Tusc.</span> <span class='ocrx_word' id='word_1_230' title='bbox 1348 3264 1377 3333; x_wconf 86' lang='lat' dir='ltr'>l,</span> 
     </span>
     <span class='ocr_line' id='line_1_26' title="bbox 370 3349 1377 3439; baseline 0.005 -18"><span class='ocrx_word' id='word_1_231' title='bbox 370 3425 373 3430; x_wconf 68' lang='grc'><em>,</em></span> <span class='ocrx_word' id='word_1_232' title='bbox 398 3367 449 3435; x_wconf 87' lang='grc'>48,</span> <span class='ocrx_word' id='word_1_233' title='bbox 468 3363 540 3419; x_wconf 90' lang='lat' dir='ltr'>unde</span> <span class='ocrx_word' id='word_1_234' title='bbox 553 3349 633 3419; x_wconf 79' lang='lat' dir='ltr'>habet</span> <span class='ocrx_word' id='word_1_235' title='bbox 650 3361 772 3421; x_wconf 68' lang='lat' dir='ltr'>Ladant.</span> <span class='ocrx_word' id='word_1_236' title='bbox 794 3362 987 3439; x_wconf 80' lang='lat' dir='ltr'>tnst.111,19.</span> <span class='ocrx_word' id='word_1_237' title='bbox 1028 3362 1072 3420; x_wconf 86' lang='lat' dir='ltr'>Ex</span> <span class='ocrx_word' id='word_1_238' title='bbox 1084 3361 1219 3422; x_wconf 82' lang='lat' dir='ltr'>Plutarch.</span> <span class='ocrx_word' id='word_1_239' title='bbox 1233 3363 1377 3426; x_wconf 80' lang='lat' dir='ltr'>Consolat.</span> 
     </span>
     <span class='ocr_line' id='line_1_27' title="bbox 395 3461 1377 3542; baseline 0.012 -25"><span class='ocrx_word' id='word_1_240' title='bbox 395 3461 432 3519; x_wconf 80' lang='lat' dir='ltr'>ad</span> <span class='ocrx_word' id='word_1_241' title='bbox 448 3461 576 3539; x_wconf 83' lang='lat' dir='ltr'>Apollon.</span> <span class='ocrx_word' id='word_1_242' title='bbox 591 3483 618 3540; x_wconf 88' lang='lat' dir='ltr'>p.</span> <span class='ocrx_word' id='word_1_243' title='bbox 636 3483 688 3542; x_wconf 80' lang='lat'>¹15</span> <span class='ocrx_word' id='word_1_244' title='bbox 704 3463 842 3532; x_wconf 83' lang='lat' dir='ltr'>discimus,</span> <span class='ocrx_word' id='word_1_245' title='bbox 854 3464 1025 3521; x_wconf 82' lang='lat' dir='ltr'>Aristotelem</span> <span class='ocrx_word' id='word_1_246' title='bbox 1042 3464 1072 3522; x_wconf 91' lang='lat' dir='ltr'>in</span> <span class='ocrx_word' id='word_1_247' title='bbox 1085 3464 1207 3525; x_wconf 88' lang='lat' dir='ltr'>Eudemo</span> <span class='ocrx_word' id='word_1_248' title='bbox 1218 3466 1275 3525; x_wconf 78' lang='lat' dir='ltr'>haec</span> <span class='ocrx_word' id='word_1_249' title='bbox 1292 3468 1377 3529; x_wconf 81' lang='lat' dir='ltr'>latius</span> 
     </span>
     <span class='ocr_line' id='line_1_28' title="bbox 395 3567 1377 3650; baseline 0.01 -27"><span class='ocrx_word' id='word_1_250' title='bbox 395 3567 555 3644; x_wconf 75' lang='lat' dir='ltr'>exposullle,</span> <span class='ocrx_word' id='word_1_251' title='bbox 576 3569 646 3627; x_wconf 81' lang='lat' dir='ltr'>unde</span> <span class='ocrx_word' id='word_1_252' title='bbox 666 3568 734 3628; x_wconf 85' lang='lat' dir='ltr'>lbld.</span> <span class='ocrx_word' id='word_1_253' title='bbox 760 3570 798 3627; x_wconf 76' lang='lat' dir='ltr'>D.</span> <span class='ocrx_word' id='word_1_254' title='bbox 819 3572 939 3642; x_wconf 72' lang='grc' dir='ltr'>Δαίμονος</span> <span class='ocrx_word' id='word_1_255' title='bbox 956 3574 1065 3630; x_wconf 67' lang='lat' dir='ltr'>immrito</span> <span class='ocrx_word' id='word_1_256' title='bbox 1083 3572 1128 3629; x_wconf 72' lang='lat' dir='ltr'>ml</span> <span class='ocrx_word' id='word_1_257' title='bbox 1146 3573 1231 3650; x_wconf 69' lang='grc' dir='ltr'><strong><em>τύχης</em></strong></span> <span class='ocrx_word' id='word_1_258' title='bbox 1247 3582 1377 3650; x_wconf 63' lang='grc' dir='ltr'>χαλεπῆς</span> 
     </span>
     <span class='ocr_line' id='line_1_29' title="bbox 396 3672 1377 3756; baseline 0.01 -27"><span class='ocrx_word' id='word_1_259' title='bbox 396 3672 512 3749; x_wconf 58' lang='lat' dir='ltr'>{pelargus</span> <span class='ocrx_word' id='word_1_260' title='bbox 534 3679 655 3752; x_wconf 75' lang='grc' dir='ltr'><strong><em>σωέςμα,</em></strong></span> <span class='ocrx_word' id='word_1_261' title='bbox 669 3678 698 3735; x_wconf 83' lang='lat' dir='ltr'>ri</span> <span class='ocrx_word' id='word_1_262' title='bbox 714 3705 745 3747; x_wconf 79' lang='grc' dir='ltr'>με</span> <span class='ocrx_word' id='word_1_263' title='bbox 766 3676 885 3756; x_wconf 62' lang='grc' dir='ltr'>βιάζςσθε</span> <span class='ocrx_word' id='word_1_264' title='bbox 908 3682 985 3750; x_wconf 70' lang='grc' dir='ltr'><strong><em>λέγειν</em></strong></span> <span class='ocrx_word' id='word_1_265' title='bbox 1006 3679 1026 3736; x_wconf 77' lang='lat' dir='ltr'>oi</span> <span class='ocrx_word' id='word_1_266' title='bbox 1049 3678 1103 3748; x_wconf 72' lang='grc' dir='ltr'>ὖμῖν</span> <span class='ocrx_word' id='word_1_267' title='bbox 1120 3680 1193 3755; x_wconf 71' lang='lat' dir='ltr'>iperet</span> <span class='ocrx_word' id='word_1_268' title='bbox 1214 3679 1251 3750; x_wconf 67' lang='lat' dir='ltr'>uti</span> <span class='ocrx_word' id='word_1_269' title='bbox 1275 3687 1377 3753; x_wconf 61' lang='grc' dir='ltr'>φῦναι.</span> 
     </span>
     <span class='ocr_line' id='line_1_30' title="bbox 395 3774 1376 3862; baseline 0.009 -29"><span class='ocrx_word' id='word_1_270' title='bbox 395 3774 503 3856; x_wconf 72' lang='lat' dir='ltr'>Spectat</span> <span class='ocrx_word' id='word_1_271' title='bbox 515 3793 604 3836; x_wconf 89' lang='lat' dir='ltr'>autem</span> <span class='ocrx_word' id='word_1_272' title='bbox 617 3782 735 3840; x_wconf 90' lang='lat' dir='ltr'>narratio</span> <span class='ocrx_word' id='word_1_273' title='bbox 745 3783 779 3862; x_wconf 78' lang='lat' dir='ltr'>ad</span> <span class='ocrx_word' id='word_1_274' title='bbox 796 3796 896 3840; x_wconf 84' lang='lat' dir='ltr'>veteres</span> <span class='ocrx_word' id='word_1_275' title='bbox 913 3783 1019 3858; x_wconf 89' lang='lat' dir='ltr'>mythos</span> <span class='ocrx_word' id='word_1_276' title='bbox 1032 3781 1184 3840; x_wconf 84' lang='lat' dir='ltr'>Thracicos</span> <span class='ocrx_word' id='word_1_277' title='bbox 1195 3782 1266 3839; x_wconf 92' lang='lat' dir='ltr'>inter</span> <span class='ocrx_word' id='word_1_278' title='bbox 1277 3780 1376 3842; x_wconf 87' lang='lat' dir='ltr'>Mace·</span> 
     </span>
     <span class='ocr_line' id='line_1_31' title="bbox 394 3875 1375 3963; baseline 0.009 -28"><span class='ocrx_word' id='word_1_279' title='bbox 394 3875 480 3936; x_wconf 88' lang='lat' dir='ltr'>dones</span> <span class='ocrx_word' id='word_1_280' title='bbox 502 3880 626 3941; x_wconf 87' lang='lat' dir='ltr'>servatos.</span> <span class='ocrx_word' id='word_1_281' title='bbox 668 3885 731 3943; x_wconf 88' lang='lat' dir='ltr'>Fuit</span> <span class='ocrx_word' id='word_1_282' title='bbox 740 3885 811 3943; x_wconf 90' lang='lat' dir='ltr'>enim</span> <span class='ocrx_word' id='word_1_283' title='bbox 831 3884 861 3944; x_wconf 92' lang='lat' dir='ltr'>in</span> <span class='ocrx_word' id='word_1_284' title='bbox 874 3887 916 3943; x_wconf 85' lang='lat' dir='ltr'>his</span> <span class='ocrx_word' id='word_1_285' title='bbox 933 3885 1028 3943; x_wconf 86' lang='lat' dir='ltr'>Midas</span> <span class='ocrx_word' id='word_1_286' title='bbox 1039 3905 1083 3943; x_wconf 89' lang='lat' dir='ltr'>rex</span> <span class='ocrx_word' id='word_1_287' title='bbox 1101 3882 1216 3962; x_wconf 82' lang='lat' dir='ltr'>Brigum</span> <span class='ocrx_word' id='word_1_288' title='bbox 1228 3884 1273 3943; x_wconf 85' lang='lat' dir='ltr'>seu</span> <span class='ocrx_word' id='word_1_289' title='bbox 1287 3884 1375 3963; x_wconf 87' lang='lat' dir='ltr'>Phry-</span> 
     </span>
     <span class='ocr_line' id='line_1_32' title="bbox 394 3987 1376 4058; baseline 0.009 -20"><span class='ocrx_word' id='word_1_290' title='bbox 394 3998 472 4058; x_wconf 85' lang='lat' dir='ltr'>gum,</span> <span class='ocrx_word' id='word_1_291' title='bbox 492 4002 555 4041; x_wconf 91' lang='lat' dir='ltr'>cum</span> <span class='ocrx_word' id='word_1_292' title='bbox 571 3987 658 4044; x_wconf 87' lang='lat' dir='ltr'>adhuc</span> <span class='ocrx_word' id='word_1_293' title='bbox 672 3990 706 4045; x_wconf 88' lang='lat' dir='ltr'>ad</span> <span class='ocrx_word' id='word_1_294' title='bbox 721 3989 761 4046; x_wconf 89' lang='lat' dir='ltr'>his</span> <span class='ocrx_word' id='word_1_295' title='bbox 774 3990 832 4047; x_wconf 89' lang='lat' dir='ltr'>loca</span> <span class='ocrx_word' id='word_1_296' title='bbox 846 3989 893 4047; x_wconf 85' lang='lat' dir='ltr'>sub</span> <span class='ocrx_word' id='word_1_297' title='bbox 912 4007 999 4049; x_wconf 91' lang='lat' dir='ltr'>morte</span> <span class='ocrx_word' id='word_1_298' title='bbox 1019 3988 1138 4055; x_wconf 81' lang='lat' dir='ltr'>Bermio,</span> <span class='ocrx_word' id='word_1_299' title='bbox 1158 3988 1188 4047; x_wconf 92' lang='lat' dir='ltr'>in</span> <span class='ocrx_word' id='word_1_300' title='bbox 1200 3988 1376 4049; x_wconf 80' lang='lat' dir='ltr'>Macedoniae</span> 
     </span>
     <span class='ocr_line' id='line_1_33' title="bbox 393 4084 1375 4169; baseline 0.011 -28"><span class='ocrx_word' id='word_1_301' title='bbox 393 4084 483 4161; x_wconf 84' lang='lat' dir='ltr'>postea</span> <span class='ocrx_word' id='word_1_302' title='bbox 502 4084 581 4143; x_wconf 73' lang='lat' dir='ltr'>dittae</span> <span class='ocrx_word' id='word_1_303' title='bbox 602 4089 711 4159; x_wconf 83' lang='lat' dir='ltr'>finibus,</span> <span class='ocrx_word' id='word_1_304' title='bbox 733 4106 903 4153; x_wconf 86' lang='lat' dir='ltr'>tenerentur:</span> <span class='ocrx_word' id='word_1_305' title='bbox 925 4116 952 4151; x_wconf 88' lang='lat' dir='ltr'>v.</span> <span class='ocrx_word' id='word_1_306' title='bbox 974 4094 1081 4155; x_wconf 89' lang='lat' dir='ltr'>Herod.</span> <span class='ocrx_word' id='word_1_307' title='bbox 1107 4093 1191 4163; x_wconf 92' lang='lat' dir='ltr'>VIll,</span> <span class='ocrx_word' id='word_1_308' title='bbox 1205 4098 1268 4169; x_wconf 83' lang='lat'><em>138.</em></span> <span class='ocrx_word' id='word_1_309' title='bbox 1308 4092 1375 4153; x_wconf 90' lang='lat' dir='ltr'>Me·</span> 
     </span>
     <span class='ocr_line' id='line_1_34' title="bbox 393 4188 1376 4278; baseline 0.018 -37"><span class='ocrx_word' id='word_1_310' title='bbox 393 4188 526 4247; x_wconf 80' lang='lat' dir='ltr'>motabile</span> <span class='ocrx_word' id='word_1_311' title='bbox 542 4208 630 4250; x_wconf 85' lang='lat' dir='ltr'>autem</span> <span class='ocrx_word' id='word_1_312' title='bbox 654 4194 682 4252; x_wconf 93' lang='lat' dir='ltr'>in</span> <span class='ocrx_word' id='word_1_313' title='bbox 708 4194 824 4255; x_wconf 86' lang='lat' dir='ltr'>Marone</span> <span class='ocrx_word' id='word_1_314' title='bbox 844 4200 909 4268; x_wconf 91' lang='lat' dir='ltr'>hoc,</span> <span class='ocrx_word' id='word_1_315' title='bbox 929 4199 1003 4278; x_wconf 92' lang='lat' dir='ltr'>quod</span> <span class='ocrx_word' id='word_1_316' title='bbox 1030 4199 1136 4259; x_wconf 84' lang='lat' dir='ltr'>Silenus</span> <span class='ocrx_word' id='word_1_317' title='bbox 1157 4200 1228 4258; x_wconf 93' lang='lat' dir='ltr'>inter</span> <span class='ocrx_word' id='word_1_318' title='bbox 1249 4214 1376 4259; x_wconf 76' lang='lat' dir='ltr'>canentes</span> 
     </span>
     <span class='ocr_line' id='line_1_35' title="bbox 392 4286 1375 4379; baseline 0.008 -27"><span class='ocrx_word' id='word_1_319' title='bbox 392 4286 457 4343; x_wconf 71' lang='lat' dir='ltr'>deos</span> <span class='ocrx_word' id='word_1_320' title='bbox 471 4288 593 4353; x_wconf 83' lang='lat' dir='ltr'>habetur.</span> <span class='ocrx_word' id='word_1_321' title='bbox 632 4295 716 4375; x_wconf 81' lang='lat' dir='ltr'>Quod</span> <span class='ocrx_word' id='word_1_322' title='bbox 739 4315 827 4357; x_wconf 89' lang='lat' dir='ltr'>autern</span> <span class='ocrx_word' id='word_1_323' title='bbox 849 4301 975 4359; x_wconf 88' lang='lat' dir='ltr'>vinciunt</span> <span class='ocrx_word' id='word_1_324' title='bbox 998 4323 1071 4371; x_wconf 89' lang='lat' dir='ltr'>eum,</span> <span class='ocrx_word' id='word_1_325' title='bbox 1090 4316 1121 4360; x_wconf 91' lang='lat' dir='ltr'>ut</span> <span class='ocrx_word' id='word_1_326' title='bbox 1141 4315 1242 4379; x_wconf 86' lang='lat' dir='ltr'>cogant</span> <span class='ocrx_word' id='word_1_327' title='bbox 1264 4321 1375 4369; x_wconf 84' lang='lat' dir='ltr'>canere,</span> 
     </span>
     <span class='ocr_line' id='line_1_36' title="bbox 392 4385 1374 4485; baseline 0.021 -43"><span class='ocrx_word' id='word_1_328' title='bbox 392 4385 494 4464; x_wconf 86' lang='lat' dir='ltr'>Satyri,</span> <span class='ocrx_word' id='word_1_329' title='bbox 513 4413 529 4450; x_wconf 90' lang='lat' dir='ltr'>a</span> <span class='ocrx_word' id='word_1_330' title='bbox 552 4394 642 4454; x_wconf 87' lang='lat' dir='ltr'>furore</span> <span class='ocrx_word' id='word_1_331' title='bbox 662 4400 868 4461; x_wconf 78' lang='lat' dir='ltr'>uaticinantium</span> <span class='ocrx_word' id='word_1_332' title='bbox 891 4405 1005 4482; x_wconf 87' lang='lat' dir='ltr'>petitum</span> <span class='ocrx_word' id='word_1_333' title='bbox 1030 4406 1081 4464; x_wconf 84' lang='lat' dir='ltr'>effe</span> <span class='ocrx_word' id='word_1_334' title='bbox 1104 4404 1270 4485; x_wconf 82' lang='lat' dir='ltr'>putabimus,</span> <span class='ocrx_word' id='word_1_335' title='bbox 1290 4423 1374 4483; x_wconf 82' lang='lat' dir='ltr'>quern</span> 
     </span>
     <span class='ocr_line' id='line_1_37' title="bbox 392 4494 1374 4591; baseline 0.014 -39"><span class='ocrx_word' id='word_1_336' title='bbox 392 4494 575 4569; x_wconf 68' lang='lat' dir='ltr'>dormitabant</span> <span class='ocrx_word' id='word_1_337' title='bbox 587 4522 679 4567; x_wconf 82' lang='lat' dir='ltr'>vates:</span> <span class='ocrx_word' id='word_1_338' title='bbox 701 4524 731 4569; x_wconf 94' lang='lat' dir='ltr'>ut</span> <span class='ocrx_word' id='word_1_339' title='bbox 743 4511 785 4570; x_wconf 86' lang='lat' dir='ltr'>vel</span> <span class='ocrx_word' id='word_1_340' title='bbox 797 4510 832 4574; x_wconf 85' lang='lat' dir='ltr'>de</span> <span class='ocrx_word' id='word_1_341' title='bbox 847 4510 946 4591; x_wconf 86' lang='lat' dir='ltr'>Pythia</span> <span class='ocrx_word' id='word_1_342' title='bbox 966 4528 1072 4579; x_wconf 86' lang='lat' dir='ltr'>notum.</span> <span class='ocrx_word' id='word_1_343' title='bbox 1111 4495 1256 4579; x_wconf 39' lang='lat' dir='ltr'>&#39;Catroeun</span> <span class='ocrx_word' id='word_1_344' title='bbox 1274 4508 1374 4588; x_wconf 88' lang='lat' dir='ltr'>etpost</span> 
     </span>
    </p>

    <p class='ocr_par' dir='ltr' id='par_1_6' title="bbox 532 4625 1374 4674">
     <span class='ocr_line' id='line_1_38' title="bbox 532 4625 1374 4674; baseline 0.004 -5"><span class='ocrx_word' id='word_1_345' title='bbox 532 4625 536 4631; x_wconf 76' lang='grc'><strong>’</strong></span> <span class='ocrx_word' id='word_1_346' title='bbox 1285 4658 1289 4666; x_wconf 85' lang='lat'><em>.</em></span> <span class='ocrx_word' id='word_1_347' title='bbox 1308 4631 1374 4674; x_wconf 67' lang='lat' dir='ltr'>eum</span> 
     </span>
    </p>
   </div>
   <div class='ocr_carea' id='block_1_6' title="bbox 0 0 1792 5509">
    <p class='ocr_par' dir='ltr' id='par_1_7' title="bbox 0 0 1792 5509">
     <span class='ocr_line' id='line_1_39' title="bbox 0 0 1792 5509; baseline 0 4"><span class='ocrx_word' id='word_1_348' title='bbox 0 0 1792 5509; x_wconf 95' lang='lat' dir='ltr'> </span> 
     </span>
    </p>
   </div>
  </div>
 </body>
</html>
