3575 5509
404 662 451 742 72
533 635 574 712 P.
615 634 905 714 v1RG1L11
955 635 1258 713 Mnuours
1346 614 1351 622 ’

643 1178 1016 1271 ECLOGA
1071 1179 1145 1270 IV·

716 1337 1077 1434 POLLIO&

591 1681 1210 1761 ARGUMENTUM.

409 1788 467 1914 Iu
481 1853 533 1911 hac
545 1849 650 1929 Eclogn
661 1848 859 1925 interpretanda
871 1844 930 1903 dici
944 1845 992 1905 vix
1004 1848 1100 1926 potest,
1115 1867 1195 1928 quem
1203 1847 1310 1910 inanem
1321 1870 1388 1929 ope,

408 1976 467 2017 ram
479 1970 507 2014 et
520 1954 589 2015 olim
608 1951 792 2028 Grammatici
813 1964 840 2009 et
858 1951 924 2009 hine
936 1951 987 2009 viri
1002 1952 1078 2011 doui
1090 1971 1158 2011 vana
1170 1952 1298 2034 religione
1308 1954 1386 2034 capti

409 2060 575 2121 navaverint.
616 2060 818 2118 Vatr'cinationem
836 2056 941 2135 Sibyllae
957 2059 987 2114 de
1004 2057 1100 2135 Chrssi
1109 2058 1233 2120 natalibus
1243 2060 1390 2140 exprell'nm

408 2167 471 2236 elle,
490 2186 571 2243 quam
583 2164 719 2243 Virgilius
738 2164 876 2242 ingeniose
893 2164 929 2220 ad
940 2165 1040 2223 natales
1052 2164 1242 2245 nobilir'pucri
1252 2169 1391 2227 transtule-

410 2271 458 2338 rit,
475 2271 532 2346 jam
545 2270 711 2335 Laclantius„
726 2268 808 2346 Irrstir.
824 2268 895 2335 VII,
917 2286 954 2345 24
964 2266 1105 2339 statuebat,
1122 2282 1150 2327 et
1163 2270 1336 2364 Qunstantim
1346 2268 1390 2335 Μ.

410 2373 441 2431 in
454 2375 531 2430 Orat.
545 2373 583 2428 ad
594 2373 739 2429 Sanfflomm
752 2387 850 2440 cretum,
870 2391 957 2449 graece
969 2371 1077 2430 reddita
1098 2391 1114 2432 a
1135 2392 1190 2440 non
1210 2363 1324 2432 ludollo
1340 2374 1391 2432 ho}

410 2476 496 2544 mine,
516 2474 616 2552 Eusebi}
631 2474 708 2533 libris
720 2477 750 2531 de
764 2477 825 2533 Vita
839 2478 992 2553 Crustumini
1010 2474 1135 2551 adjunlla
1146 2494 1180 2556 .⁰·
1198 2475 1284 2555 19sq.
1299 2482 1389 2554 (quam

410 2581 441 2638 in
453 2579 522 2637 Exc.
535 2578 550 2635 I
563 2580 598 2637 ad
611 2578 739 2636 Bucolica
752 2578 850 2637 iterum
860 2578 958 2637 excudi
971 2579 1089 2653 curaui),
1102 2579 1281 2640 demonstrare
1291 2579 1388 2650 voluit¹
1427 2582 1430 2593 '

410 2682 520 2760 ejusque
540 2681 726 2740 nulloritatem
746 2702 809 2739 cum
828 2682 874 2739 ista
899 2696 976 2739 aetate
997 2684 1154 2761 plerumque
1173 2681 1322 2740 Christiani
1341 2682 1390 2740 ho-

411 2786 499 2852 mines
513 2786 563 2861 (cf.
576 2784 747 2843 Wernsdorf.
761 2784 799 2842 V.
823 2786 858 2842 C.
875 2788 953 2844 Poet.
967 2786 1036 2845 min.
1056 2786 1110 2843 To.
1128 2783 1182 2854 IV,'
1195 2805 1223 2863 p.
1240 2784 1295 2863 767
1308 2783 1389 2863 sqq.l,

410 2902 472 2947 tum
484 2888 606 2947 aetatibus
618 2890 710 2948 nostris
723 2889 777 2948 viri
789 2890 863 2948 doni
883 2888 988 2967 sequuti
1007 2888 1068 2946 sunt
1090 2886 1212 2966 plerique
1234 2908 1337 2957 omnes,
1354 2889 1389 2949 de

412 2993 459 3052 via
471 3014 502 3052 ac
517 2995 621 3055 ratione
634 3012 738 3055 tantum
759 2996 880 3064 solliciti,
901 3016 954 3073 qua
967 2995 1136 3053 reconditum
1147 2994 1304 3071 hujusmodi
1322 2995 1390 3055 vati-

411 3096 519 3157 cinium
532 3100 567 3157 ad
581 3099 718 3159 Romanos
729 3100 868 3180 pervenire
883 3099 1012 3179 potuerit.
1052 3097 1128 3155 Vide
1141 3097 1265 3175 inprimis
1285 3098 1391 3157 Chond-

413 3198 473 3263 ler’s
487 3203 512 3255 V
509 3206 639 3262 indication
664 3212 698 3283 ⁰f
707 3204 750 3263 the
762 3206 869 3285 Deferrse
881 3212 916 3284 rf
928 3205 1089 3283 Chrssr'anity
1100 3204 1164 3261 Book
1176 3201 1216 3269 II,
1228 3202 1272 3264 cll.
1282 3225 1311 3272 2,
1330 3204 1390 3266 seli·

415 3328 446 3375 2,
466 3322 493 3366 et
505 3308 544 3370 T.
555 3309 593 3368 Π.
607 3313 734 3388 Postscrrpt
744 3333 772 3389 p.
786 3332 835 3389 44.
856 3313 985 3390 Whsson’s
997 3310 1152 3389 Supplrment
1163 3325 1186 3369 to
1196 3311 1238 3369 the
1248 3311 1338 3370 literal
1348 3336 1390 3371 ac·

413 3408 590 3483 complffhment
601 3418 636 3488 ff
642 3413 766 3487 Scripture
779 3414 932 3490 Prophecies,
951 3436 980 3493 p.
994 3434 1033 3491 94
1045 3414 1084 3492 sq.
1125 3413 1271 3472 Cudworrb
1286 3416 1392 3493 Syflema

414 3510 539 3576 Intellerr.
554 3530 578 3569 c.
594 3510 649 3579 IV,
662 3512 687 3589 l.
705 3514 749 3573 16.
789 3514 871 3572 Nihil
884 3530 974 3574 tamen
987 3516 1035 3574 ista
1047 3514 1177 3594 opinione
1194 3516 1245 3573 effe
1257 3516 1343 3592 potest
1354 3517 1392 3575 le·

414 3611 475 3669 vius
492 3625 519 3667 et
538 3612 617 3670 certis
638 3632 725 3671 rerum
743 3618 908 3695 argumentis
929 3618 1016 3696 magis
1034 3618 1209 3690 destitutum3
1229 3599 1350 3696 quamvis
1361 3638 1392 3678 ea

414 3711 508 3769 multis
521 3711 581 3771 aliis
591 3716 714 3773 exornari
726 3720 814 3795 possit,
832 3740 892 3795 quae
907 3740 923 3777 a
935 3720 1002 3777 viris
1014 3720 1101 3779 donis
1110 3720 1198 3779 minus
1208 3720 1392 3780 animadverfi

414 3816 484 3873 sunt.
524 3814 582 3882 Sic,
601 3839 627 3875 v.
641 3837 666 3875 c.
685 3820 822 3898 eJoseph.
837 3823 904 3879 Ant.
920 3821 991 3891 XV,
1008 3819 1020 3879 i
1027 3842 1055 3897 3,
1076 3822 1124 3900 qui
1143 3820 1285 3881 Herodem
1302 3841 1392 3901 regem

417 3916 549 3975 Pollionis
561 3917 678 3997 hospitio
691 3937 717 3979 et
730 3924 853 3982 amicitia
866 3925 943 3983 usum
961 3927 1010 3986 effe
1030 3940 1174 3994 memorat,
1193 3924 1323 4003 colligere
1341 3924 1391 3982 ali·

414 4019 477 4097 quis
499 4020 585 4096 poffit,
612 4023 647 4079 ab
668 4024 781 4082 Herode
804 4026 897 4095 facile,
919 4026 1043 4105 Virgilio
1063 4028 1199 4108 presente,
1219 4026 1338 4086 Pollioni
1357 4027 1394 4087 de

413 4122 510 4182 Meffia
521 4125 635 4192 narrari,
654 4141 700 4184 aut
720 4126 870 4187 Nicolaum
891 4128 1100 4202 Damascenum,
1119 4132 1230 4191 dolium
1242 4130 1393 4199 hominem,

414 4229 490 4306 cujus
510 4229 656 4290 ministerio
680 4232 805 4300 Herodes
827 4237 888 4295 usus
905 4235 952 4307 cil,
973 4238 1096 4316 Augusto
1117 4257 1271 4318 percarum,
1290 4238 1326 4305 de
1343 4234 1394 4311 Ju-

346 4373 350 4379 ’
409 4408 554 4563 perjuro.
587 4412 615 4470 ιη
625 4412 742 4489 plerisque
753 4426 803 4469 vet.
821 4417 895 4469 saeau
908 4420 957 4470 mr
966 4422 1116 4495 rrurpurauo.
1151 4418 1249 4476 zulich.
1262 4419 1325 4469 ιω
1338 4434 1395 4475 m

420 4503 521 4562 ..rogemur
1304 4560 1308 4570 ,

1244 4623 1246 4628 ·
1274 4586 1395 4653 deorum
1449 4603 1452 4610 ·
