<?xml version="1.0" encoding="UTF-8"?>
<!DOCTYPE html PUBLIC "-//W3C//DTD XHTML 1.0 Transitional//EN"
    "http://www.w3.org/TR/xhtml1/DTD/xhtml1-transitional.dtd">
<html xmlns="http://www.w3.org/1999/xhtml" xml:lang="en" lang="en">
 <head>
  <title>
</title>
<meta http-equiv="Content-Type" content="text/html;charset=utf-8" />
  <meta name='ocr-system' content='tesseract 3.04.00' />
  <meta name='ocr-capabilities' content='ocr_page ocr_carea ocr_par ocr_line ocrx_word'/>
</head>
<body>
  <div class='ocr_page' id='page_1' title='image "./operavarietatel00virggoog/operavarietatel00virggoog_0471.png"; bbox 0 0 3575 5509; ppageno 0'>
   <div class='ocr_carea' id='block_1_1' title="bbox 424 603 1379 768">
    <p class='ocr_par' dir='ltr' id='par_1_1' title="bbox 424 603 1379 768">
     <span class='ocr_line' id='line_1_1' title="bbox 424 603 1379 768; baseline -0.006 -23"><span class='ocrx_word' id='word_1_1' title='bbox 424 666 428 686; x_wconf 88' lang='lat'>·</span> <span class='ocrx_word' id='word_1_2' title='bbox 535 603 1206 747; x_wconf 63' lang='lat' dir='ltr'><strong>„inononoicnss</strong></span> <span class='ocrx_word' id='word_1_3' title='bbox 1308 655 1379 768; x_wconf 71' lang='lat'><strong>205</strong></span> 
     </span>
    </p>
   </div>
   <div class='ocr_carea' id='block_1_2' title="bbox 353 845 1481 4647">
    <p class='ocr_par' dir='ltr' id='par_1_2' title="bbox 353 845 1481 4647">
     <span class='ocr_line' id='line_1_2' title="bbox 394 845 1381 971; baseline -0.013 -17"><span class='ocrx_word' id='word_1_4' title='bbox 394 880 510 960; x_wconf 69' lang='lat' dir='ltr'><strong>novati</strong></span> <span class='ocrx_word' id='word_1_5' title='bbox 523 864 745 971; x_wconf 85' lang='lat' dir='ltr'><strong>Militiamque</strong></span> <span class='ocrx_word' id='word_1_6' title='bbox 748 866 817 967; x_wconf 85' lang='lat' dir='ltr'><strong>soli</strong></span> <span class='ocrx_word' id='word_1_7' title='bbox 822 883 835 942; x_wconf 67' lang='grc' dir='ltr'><strong><em>ἐ</em></strong></span> <span class='ocrx_word' id='word_1_8' title='bbox 859 868 941 967; x_wconf 83' lang='lat' dir='ltr'><strong>quod</strong></span> <span class='ocrx_word' id='word_1_9' title='bbox 964 867 1055 940; x_wconf 81' lang='lat' dir='ltr'><strong>colles</strong></span> <span class='ocrx_word' id='word_1_10' title='bbox 1077 845 1224 938; x_wconf 75' lang='lat' dir='ltr'><strong>Bacchas</strong></span> <span class='ocrx_word' id='word_1_11' title='bbox 1245 885 1381 957; x_wconf 85' lang='lat' dir='ltr'><strong>amaret,</strong></span> 
     </span>
     <span class='ocr_line' id='line_1_3' title="bbox 394 987 1382 1103; baseline -0.015 -27"><span class='ocrx_word' id='word_1_12' title='bbox 394 1004 498 1103; x_wconf 56' lang='lat' dir='ltr'><strong>Quod</strong></span> <span class='ocrx_word' id='word_1_13' title='bbox 507 996 773 1097; x_wconf 78' lang='lat' dir='ltr'><strong>fecunda&#39;Ceres</strong></span> <span class='ocrx_word' id='word_1_14' title='bbox 792 997 930 1088; x_wconf 62' lang='lat' dir='ltr'><strong>‘campon</strong></span> <span class='ocrx_word' id='word_1_15' title='bbox 963 992 1043 1087; x_wconf 84' lang='lat' dir='ltr'><strong>quod</strong></span> <span class='ocrx_word' id='word_1_16' title='bbox 1064 987 1178 1061; x_wconf 88' lang='lat' dir='ltr'><strong>Pallas</strong></span> <span class='ocrx_word' id='word_1_17' title='bbox 1192 1004 1382 1089; x_wconf 72' lang='lat' dir='ltr'><strong>atrumque,</strong></span> 
     </span>
     <span class='ocr_line' id='line_1_4' title="bbox 398 1115 1427 1223; baseline -0.012 -26"><span class='ocrx_word' id='word_1_18' title='bbox 398 1126 508 1223; x_wconf 78' lang='lat' dir='ltr'><em>Atque</em></span> <span class='ocrx_word' id='word_1_19' title='bbox 522 1125 647 1217; x_wconf 73' lang='lat' dir='ltr'><strong>‘arbusto</strong></span> <span class='ocrx_word' id='word_1_20' title='bbox 665 1123 759 1217; x_wconf 75' lang='lat' dir='ltr'><strong>vagis</strong></span> <span class='ocrx_word' id='word_1_21' title='bbox 781 1118 873 1211; x_wconf 79' lang='lat' dir='ltr'><strong>effent</strong></span> <span class='ocrx_word' id='word_1_22' title='bbox 901 1118 981 1212; x_wconf 84' lang='lat' dir='ltr'><strong>quod</strong></span> <span class='ocrx_word' id='word_1_23' title='bbox 1002 1115 1148 1186; x_wconf 83' lang='lat' dir='ltr'><strong>adultera</strong></span> <span class='ocrx_word' id='word_1_24' title='bbox 1170 1118 1286 1207; x_wconf 82' lang='lat' dir='ltr'><strong>pomis,</strong></span> <span class='ocrx_word' id='word_1_25' title='bbox 1311 1116 1382 1187; x_wconf 86' lang='lat' dir='ltr'><strong>Sil·</strong></span> <span class='ocrx_word' id='word_1_26' title='bbox 1424 1189 1427 1193; x_wconf 71' lang='grc'>,</span> 
     </span>
     <span class='ocr_line' id='line_1_5' title="bbox 353 1237 1381 1345; baseline -0.016 -21"><span class='ocrx_word' id='word_1_27' title='bbox 353 1330 356 1333; x_wconf 64' lang='lat'>‚</span> <span class='ocrx_word' id='word_1_28' title='bbox 398 1274 574 1345; x_wconf 83' lang='lat' dir='ltr'><strong>varumque</strong></span> <span class='ocrx_word' id='word_1_29' title='bbox 598 1250 679 1334; x_wconf 86' lang='lat' dir='ltr'><strong>deos,</strong></span> <span class='ocrx_word' id='word_1_30' title='bbox 690 1247 886 1340; x_wconf 77' lang='lat' dir='ltr'><strong>sczcrataque</strong></span> <span class='ocrx_word' id='word_1_31' title='bbox 911 1242 1049 1327; x_wconf 77' lang='lat' dir='ltr'><strong>numina,</strong></span> <span class='ocrx_word' id='word_1_32' title='bbox 1076 1237 1253 1338; x_wconf 52' lang='lat' dir='ltr'><strong>Issymphan</strong></span> <span class='ocrx_word' id='word_1_33' title='bbox 1282 1239 1381 1310; x_wconf 85' lang='lat' dir='ltr'><em>Pacis</em></span> 
     </span>
     <span class='ocr_line' id='line_1_6' title="bbox 396 1364 1381 1478; baseline -0.008 -31"><span class='ocrx_word' id='word_1_34' title='bbox 396 1394 633 1478; x_wconf 17' lang='lat' dir='ltr'><strong>epinymagnos</strong></span> <span class='ocrx_word' id='word_1_35' title='bbox 650 1388 781 1445; x_wconf 51' lang='lat' dir='ltr'><strong>¹naturae</strong></span> <span class='ocrx_word' id='word_1_36' title='bbox 803 1369 905 1441; x_wconf 83' lang='lat' dir='ltr'><strong>condit</strong></span> <span class='ocrx_word' id='word_1_37' title='bbox 925 1370 960 1437; x_wconf 89' lang='lat' dir='ltr'><strong>in</strong></span> <span class='ocrx_word' id='word_1_38' title='bbox 979 1367 1053 1459; x_wconf 83' lang='lat' dir='ltr'><strong>usus</strong></span> <span class='ocrx_word' id='word_1_39' title='bbox 1070 1368 1103 1437; x_wconf 77' lang='lat'><strong>*.</strong></span> <span class='ocrx_word' id='word_1_40' title='bbox 1153 1364 1238 1463; x_wconf 81' lang='lat' dir='ltr'><strong>Qo</strong></span> <span class='ocrx_word' id='word_1_41' title='bbox 1261 1366 1381 1464; x_wconf 85' lang='lat' dir='ltr'><strong>quaeso</strong></span> 
     </span>
     <span class='ocr_line' id='line_1_7' title="bbox 395 1491 1454 1595; baseline -0.002 -26"><span class='ocrx_word' id='word_1_42' title='bbox 395 1496 561 1595; x_wconf 87' lang='lat' dir='ltr'><strong>Operum</strong></span> <span class='ocrx_word' id='word_1_43' title='bbox 577 1520 617 1568; x_wconf 89' lang='lat' dir='ltr'><strong>ac</strong></span> <span class='ocrx_word' id='word_1_44' title='bbox 635 1493 785 1567; x_wconf 85' lang='lat' dir='ltr'><strong>Dierum</strong></span> <span class='ocrx_word' id='word_1_45' title='bbox 801 1493 880 1571; x_wconf 87' lang='lat' dir='ltr'><strong>loco</strong></span> <span class='ocrx_word' id='word_1_46' title='bbox 900 1512 1020 1560; x_wconf 86' lang='lat' dir='ltr'><strong>earum</strong></span> <span class='ocrx_word' id='word_1_47' title='bbox 1039 1512 1165 1560; x_wconf 60' lang='lat' dir='ltr'><strong>vrerum</strong></span> <span class='ocrx_word' id='word_1_48' title='bbox 1191 1491 1380 1590; x_wconf 85' lang='lat' dir='ltr'><strong>vestigium</strong></span> <span class='ocrx_word' id='word_1_49' title='bbox 1452 1538 1454 1541; x_wconf 80' lang='grc'><em>·</em></span> 
     </span>
     <span class='ocr_line' id='line_1_8' title="bbox 354 1611 1379 1718; baseline -0.006 -28"><span class='ocrx_word' id='word_1_50' title='bbox 354 1654 366 1661; x_wconf 36' lang='grc' dir='ltr'>ν</span> <span class='ocrx_word' id='word_1_51' title='bbox 399 1618 543 1714; x_wconf 84' lang='lat' dir='ltr'>aliquod</span> <span class='ocrx_word' id='word_1_52' title='bbox 568 1613 832 1712; x_wconf 84' lang='lat' dir='ltr'><strong>deprehendas?</strong></span> <span class='ocrx_word' id='word_1_53' title='bbox 858 1612 927 1683; x_wconf 86' lang='lat' dir='ltr'><strong>Sed</strong></span> <span class='ocrx_word' id='word_1_54' title='bbox 948 1612 1064 1707; x_wconf 89' lang='lat' dir='ltr'><strong>potest</strong></span> <span class='ocrx_word' id='word_1_55' title='bbox 1086 1611 1158 1702; x_wconf 88' lang='lat' dir='ltr'><strong>hic,</strong></span> <span class='ocrx_word' id='word_1_56' title='bbox 1182 1621 1278 1713; x_wconf 85' lang='lat' dir='ltr'><strong>qnod</strong></span> <span class='ocrx_word' id='word_1_57' title='bbox 1299 1620 1379 1718; x_wconf 84' lang='lat' dir='ltr'><strong>jam</strong></span> 
     </span>
     <span class='ocr_line' id='line_1_9' title="bbox 400 1736 1382 1835; baseline 0.006 -25"><span class='ocrx_word' id='word_1_58' title='bbox 400 1738 560 1814; x_wconf 89' lang='lat' dir='ltr'><strong>Bentleio</strong></span> <span class='ocrx_word' id='word_1_59' title='bbox 576 1740 689 1813; x_wconf 83' lang='lat' dir='ltr'><strong>visum</strong></span> <span class='ocrx_word' id='word_1_60' title='bbox 713 1739 774 1825; x_wconf 88' lang='lat' dir='ltr'><strong>est,</strong></span> <span class='ocrx_word' id='word_1_61' title='bbox 808 1736 1054 1832; x_wconf 86' lang='lat' dir='ltr'><strong>interpolatrix</strong></span> <span class='ocrx_word' id='word_1_62' title='bbox 1080 1759 1204 1810; x_wconf 87' lang='lat' dir='ltr'><strong>manus</strong></span> <span class='ocrx_word' id='word_1_63' title='bbox 1231 1743 1382 1835; x_wconf 76' lang='lat' dir='ltr'><strong>grassata</strong></span> 
     </span>
     <span class='ocr_line' id='line_1_10' title="bbox 398 1840 1380 1958; baseline 0.008 -26"><span class='ocrx_word' id='word_1_64' title='bbox 398 1860 468 1933; x_wconf 85' lang='lat' dir='ltr'><strong>esse</strong></span> <span class='ocrx_word' id='word_1_65' title='bbox 481 1862 623 1946; x_wconf 53' lang='lat' dir='ltr'><strong>videri}</strong></span> <span class='ocrx_word' id='word_1_66' title='bbox 639 1862 677 1934; x_wconf 91' lang='lat' dir='ltr'><strong>id</strong></span> <span class='ocrx_word' id='word_1_67' title='bbox 694 1880 813 1933; x_wconf 90' lang='lat' dir='ltr'><strong>tamen</strong></span> <span class='ocrx_word' id='word_1_68' title='bbox 835 1840 921 1932; x_wconf 84' lang='lat' dir='ltr'><strong>cum</strong></span> <span class='ocrx_word' id='word_1_69' title='bbox 937 1883 1033 1955; x_wconf 87' lang='lat' dir='ltr'><strong>aegre</strong></span> <span class='ocrx_word' id='word_1_70' title='bbox 1045 1861 1308 1939; x_wconf 86' lang='lat' dir='ltr'><strong>admittendum</strong></span> <span class='ocrx_word' id='word_1_71' title='bbox 1325 1868 1380 1958; x_wconf 84' lang='lat' dir='ltr'><strong>fit,</strong></span> 
     </span>
     <span class='ocr_line' id='line_1_11' title="bbox 400 1962 1382 2080; baseline 0.001 -25"><span class='ocrx_word' id='word_1_72' title='bbox 400 1983 522 2057; x_wconf 72' lang='lat' dir='ltr'><strong>videor</strong></span> <span class='ocrx_word' id='word_1_73' title='bbox 537 1984 629 2056; x_wconf 74' lang='lat' dir='ltr'><strong>min</strong></span> <span class='ocrx_word' id='word_1_74' title='bbox 647 1981 1043 2080; x_wconf 70' lang='lat' dir='ltr'><strong>Mannumnopertn</strong></span> <span class='ocrx_word' id='word_1_75' title='bbox 1067 1962 1268 2058; x_wconf 63' lang='lat' dir='ltr'><strong>imitatione</strong></span> <span class='ocrx_word' id='word_1_76' title='bbox 1289 1990 1382 2063; x_wconf 78' lang='lat' dir='ltr'><strong>une.</strong></span> 
     </span>
     <span class='ocr_line' id='line_1_12' title="bbox 396 2101 1381 2205; baseline -0.004 -27"><span class='ocrx_word' id='word_1_77' title='bbox 396 2105 484 2192; x_wconf 84' lang='lat' dir='ltr'><strong>rius,</strong></span> <span class='ocrx_word' id='word_1_78' title='bbox 507 2130 615 2201; x_wconf 88' lang='lat' dir='ltr'><strong>quam</strong></span> <span class='ocrx_word' id='word_1_79' title='bbox 632 2103 751 2204; x_wconf 75' lang='lat' dir='ltr'><strong>vellet,</strong></span> <span class='ocrx_word' id='word_1_80' title='bbox 773 2106 934 2178; x_wconf 73' lang='lat' dir='ltr'><strong>evedium</strong></span> <span class='ocrx_word' id='word_1_81' title='bbox 951 2105 1114 2177; x_wconf 88' lang='lat' dir='ltr'><strong>excusare</strong></span> <span class='ocrx_word' id='word_1_82' title='bbox 1125 2101 1231 2202; x_wconf 85' lang='lat' dir='ltr'><strong>posse.</strong></span> <span class='ocrx_word' id='word_1_83' title='bbox 1282 2109 1381 2205; x_wconf 89' lang='lat' dir='ltr'><strong>Lyn.</strong></span> 
     </span>
     <span class='ocr_line' id='line_1_13' title="bbox 401 2215 1382 2331; baseline 0.004 -30"><span class='ocrx_word' id='word_1_84' title='bbox 401 2249 508 2301; x_wconf 88' lang='lat' dir='ltr'><strong>ceum</strong></span> <span class='ocrx_word' id='word_1_85' title='bbox 522 2230 554 2302; x_wconf 83' lang='lat' dir='ltr'><strong>is</strong></span> <span class='ocrx_word' id='word_1_86' title='bbox 572 2232 595 2321; x_wconf 85' lang='lat'><strong>†</strong></span> <span class='ocrx_word' id='word_1_87' title='bbox 619 2215 777 2301; x_wconf 81' lang='lat' dir='ltr'><strong>amicum</strong></span> <span class='ocrx_word' id='word_1_88' title='bbox 794 2229 908 2315; x_wconf 86' lang='lat' dir='ltr'><strong>suum,</strong></span> <span class='ocrx_word' id='word_1_89' title='bbox 931 2227 1078 2324; x_wconf 71' lang='lat' dir='ltr'><strong>poetam</strong></span> <span class='ocrx_word' id='word_1_90' title='bbox 1093 2231 1260 2326; x_wconf 84' lang='lat' dir='ltr'><strong>graviora</strong></span> <span class='ocrx_word' id='word_1_91' title='bbox 1275 2253 1382 2331; x_wconf 84' lang='lat' dir='ltr'><strong>argu-</strong></span> 
     </span>
     <span class='ocr_line' id='line_1_14' title="bbox 401 2351 1382 2454; baseline -0.003 -31"><span class='ocrx_word' id='word_1_92' title='bbox 401 2371 522 2424; x_wconf 86' lang='lat' dir='ltr'><strong>menta</strong></span> <span class='ocrx_word' id='word_1_93' title='bbox 537 2352 686 2425; x_wconf 69' lang='lat' dir='ltr'><strong>tradiare</strong></span> <span class='ocrx_word' id='word_1_94' title='bbox 698 2353 849 2447; x_wconf 79' lang='lat' dir='ltr'><strong>solitum,</strong></span> <span class='ocrx_word' id='word_1_95' title='bbox 874 2375 994 2424; x_wconf 90' lang='lat' dir='ltr'><strong>amore</strong></span> <span class='ocrx_word' id='word_1_96' title='bbox 1005 2351 1081 2449; x_wconf 90' lang='lat' dir='ltr'><strong>jam</strong></span> <span class='ocrx_word' id='word_1_97' title='bbox 1096 2370 1244 2450; x_wconf 88' lang='lat' dir='ltr'><strong>captum</strong></span> <span class='ocrx_word' id='word_1_98' title='bbox 1258 2359 1382 2454; x_wconf 85' lang='lat' dir='ltr'><strong>exagi.</strong></span> 
     </span>
     <span class='ocr_line' id='line_1_15' title="bbox 401 2472 1381 2582; baseline -0.004 -29"><span class='ocrx_word' id='word_1_99' title='bbox 401 2497 464 2567; x_wconf 86' lang='lat' dir='ltr'><strong>tat,</strong></span> <span class='ocrx_word' id='word_1_100' title='bbox 488 2498 523 2552; x_wconf 89' lang='lat' dir='ltr'><strong>et</strong></span> <span class='ocrx_word' id='word_1_101' title='bbox 539 2472 582 2554; x_wconf 82' lang='lat' dir='ltr'><strong>ad</strong></span> <span class='ocrx_word' id='word_1_102' title='bbox 597 2481 713 2579; x_wconf 77' lang='lat' dir='ltr'><strong>elegos</strong></span> <span class='ocrx_word' id='word_1_103' title='bbox 729 2480 919 2553; x_wconf 83' lang='lat' dir='ltr'><strong>amatorios</strong></span> <span class='ocrx_word' id='word_1_104' title='bbox 942 2479 1167 2553; x_wconf 83' lang='lat' dir='ltr'><strong>adhaesurum</strong></span> <span class='ocrx_word' id='word_1_105' title='bbox 1184 2481 1251 2554; x_wconf 86' lang='lat' dir='ltr'><strong>esse</strong></span> <span class='ocrx_word' id='word_1_106' title='bbox 1266 2508 1381 2582; x_wconf 84' lang='lat' dir='ltr'><strong>augo.</strong></span> 
     </span>
     <span class='ocr_line' id='line_1_16' title="bbox 400 2604 1380 2702; baseline 0.01 -26"><span class='ocrx_word' id='word_1_107' title='bbox 400 2624 508 2677; x_wconf 79' lang='lat' dir='ltr'><strong>ratur.</strong></span> <span class='ocrx_word' id='word_1_108' title='bbox 558 2604 636 2677; x_wconf 82' lang='lat' dir='ltr'><strong>Nec</strong></span> <span class='ocrx_word' id='word_1_109' title='bbox 662 2624 780 2677; x_wconf 90' lang='lat' dir='ltr'><strong>tamen</strong></span> <span class='ocrx_word' id='word_1_110' title='bbox 796 2630 875 2677; x_wconf 88' lang='lat' dir='ltr'><strong>eam</strong></span> <span class='ocrx_word' id='word_1_111' title='bbox 891 2630 967 2678; x_wconf 91' lang='lat' dir='ltr'><strong>rem</strong></span> <span class='ocrx_word' id='word_1_112' title='bbox 982 2623 1022 2676; x_wconf 82' lang='lat' dir='ltr'><strong>ut</strong></span> <span class='ocrx_word' id='word_1_113' title='bbox 1037 2604 1165 2700; x_wconf 89' lang='lat' dir='ltr'><strong>pudori</strong></span> <span class='ocrx_word' id='word_1_114' title='bbox 1181 2606 1245 2677; x_wconf 90' lang='lat' dir='ltr'><strong>fibi</strong></span> <span class='ocrx_word' id='word_1_115' title='bbox 1261 2606 1380 2702; x_wconf 86' lang='lat' dir='ltr'><strong>ducat,</strong></span> 
     </span>
     <span class='ocr_line' id='line_1_17' title="bbox 401 2730 1432 2807; baseline -0.008 -2"><span class='ocrx_word' id='word_1_116' title='bbox 401 2752 463 2807; x_wconf 78' lang='lat' dir='ltr'><strong>aut</strong></span> <span class='ocrx_word' id='word_1_117' title='bbox 484 2752 524 2805; x_wconf 93' lang='lat' dir='ltr'><strong>ut</strong></span> <span class='ocrx_word' id='word_1_118' title='bbox 537 2733 618 2804; x_wconf 81' lang='lat' dir='ltr'><strong>haec</strong></span> <span class='ocrx_word' id='word_1_119' title='bbox 635 2731 792 2803; x_wconf 86' lang='lat' dir='ltr'><strong>carmina</strong></span> <span class='ocrx_word' id='word_1_120' title='bbox 807 2730 985 2804; x_wconf 84' lang='lat' dir='ltr'><strong>minorem</strong></span> <span class='ocrx_word' id='word_1_121' title='bbox 1007 2731 1097 2805; x_wconf 87' lang='lat' dir='ltr'><strong>inter</strong></span> <span class='ocrx_word' id='word_1_122' title='bbox 1121 2730 1299 2804; x_wconf 91' lang='lat' dir='ltr'><strong>Romanos</strong></span> <span class='ocrx_word' id='word_1_123' title='bbox 1316 2735 1382 2805; x_wconf 88' lang='lat' dir='ltr'><strong>ha.</strong></span> <span class='ocrx_word' id='word_1_124' title='bbox 1430 2751 1432 2767; x_wconf 91' lang='grc'><strong><em>·</em></strong></span> 
     </span>
     <span class='ocr_line' id='line_1_18' title="bbox 400 2849 1381 2953; baseline -0.01 -22"><span class='ocrx_word' id='word_1_125' title='bbox 400 2859 517 2931; x_wconf 88' lang='lat' dir='ltr'><strong>bitura</strong></span> <span class='ocrx_word' id='word_1_126' title='bbox 534 2856 599 2930; x_wconf 77' lang='lat' dir='ltr'><strong>esse</strong></span> <span class='ocrx_word' id='word_1_127' title='bbox 614 2855 768 2953; x_wconf 73' lang='lat' dir='ltr'><strong>gratiam</strong></span> <span class='ocrx_word' id='word_1_128' title='bbox 780 2854 972 2943; x_wconf 85' lang='lat' dir='ltr'><strong>existimet,</strong></span> <span class='ocrx_word' id='word_1_129' title='bbox 996 2849 1136 2927; x_wconf 89' lang='lat' dir='ltr'><strong>monet:</strong></span> <span class='ocrx_word' id='word_1_130' title='bbox 1163 2855 1251 2927; x_wconf 91' lang='lat' dir='ltr'><strong>dum</strong></span> <span class='ocrx_word' id='word_1_131' title='bbox 1267 2855 1381 2935; x_wconf 78' lang='lat' dir='ltr'><strong>buco.</strong></span> 
     </span>
     <span class='ocr_line' id='line_1_19' title="bbox 388 2969 1382 3082; baseline -0.004 -26"><span class='ocrx_word' id='word_1_132' title='bbox 388 2969 471 3057; x_wconf 86' lang='lat' dir='ltr'><strong>¹lica</strong></span> <span class='ocrx_word' id='word_1_133' title='bbox 496 2985 635 3082; x_wconf 84' lang='lat' dir='ltr'><strong>scribat,</strong></span> <span class='ocrx_word' id='word_1_134' title='bbox 668 2981 757 3053; x_wconf 90' lang='lat' dir='ltr'><strong>dum</strong></span> <span class='ocrx_word' id='word_1_135' title='bbox 784 2980 935 3054; x_wconf 75' lang='lat' dir='ltr'><strong>Hesiodi</strong></span> <span class='ocrx_word' id='word_1_136' title='bbox 960 2980 1126 3078; x_wconf 87' lang='lat' dir='ltr'><strong>exemplo</strong></span> <span class='ocrx_word' id='word_1_137' title='bbox 1140 2982 1184 3053; x_wconf 89' lang='lat' dir='ltr'><strong>de</strong></span> <span class='ocrx_word' id='word_1_138' title='bbox 1201 2970 1238 3052; x_wconf 71' lang='lat' dir='ltr'><strong>r&#39;e</strong></span> <span class='ocrx_word' id='word_1_139' title='bbox 1253 2982 1382 3052; x_wconf 88' lang='lat' dir='ltr'><strong>rustica</strong></span> 
     </span>
     <span class='ocr_line' id='line_1_20' title="bbox 400 3082 1382 3202; baseline -0.007 -20"><span class='ocrx_word' id='word_1_140' title='bbox 400 3134 543 3182; x_wconf 88' lang='lat' dir='ltr'><strong>carmen</strong></span> <span class='ocrx_word' id='word_1_141' title='bbox 570 3109 712 3200; x_wconf 90' lang='lat' dir='ltr'><strong>condat,</strong></span> <span class='ocrx_word' id='word_1_142' title='bbox 747 3136 805 3181; x_wconf 87' lang='lat' dir='ltr'><strong>non</strong></span> <span class='ocrx_word' id='word_1_143' title='bbox 833 3125 936 3183; x_wconf 72' lang='lat' dir='ltr'><strong>tamen</strong></span> <span class='ocrx_word' id='word_1_144' title='bbox 962 3106 1038 3192; x_wconf 75' lang='lat' dir='ltr'><em>haec,</em></span> <span class='ocrx_word' id='word_1_145' title='bbox 1078 3129 1161 3202; x_wconf 89' lang='lat' dir='ltr'><strong>qnae</strong></span> <span class='ocrx_word' id='word_1_146' title='bbox 1193 3106 1238 3176; x_wconf 89' lang='lat' dir='ltr'><strong>de</strong></span> <span class='ocrx_word' id='word_1_147' title='bbox 1261 3082 1382 3177; x_wconf 83' lang='lat' dir='ltr'><strong>amore</strong></span> 
     </span>
     <span class='ocr_line' id='line_1_21' title="bbox 400 3222 1382 3331; baseline -0.01 -24"><span class='ocrx_word' id='word_1_148' title='bbox 400 3236 591 3331; x_wconf 80' lang='lat' dir='ltr'><strong>scriptums</strong></span> <span class='ocrx_word' id='word_1_149' title='bbox 623 3235 676 3320; x_wconf 88' lang='lat' dir='ltr'><strong>fit,</strong></span> <span class='ocrx_word' id='word_1_150' title='bbox 713 3236 773 3305; x_wconf 80' lang='lat' dir='ltr'><strong>ulli</strong></span> <span class='ocrx_word' id='word_1_151' title='bbox 799 3238 928 3327; x_wconf 65' lang='lat' dir='ltr'><strong>venient</strong></span> <span class='ocrx_word' id='word_1_152' title='bbox 952 3234 1072 3327; x_wconf 81' lang='lat' dir='ltr'><strong>ingrati</strong></span> <span class='ocrx_word' id='word_1_153' title='bbox 1095 3231 1219 3324; x_wconf 82' lang='lat' dir='ltr'><strong>legenti,</strong></span> <span class='ocrx_word' id='word_1_154' title='bbox 1245 3222 1324 3298; x_wconf 81' lang='lat' dir='ltr'><strong>Sive</strong></span> <span class='ocrx_word' id='word_1_155' title='bbox 1348 3230 1382 3297; x_wconf 88' lang='lat' dir='ltr'><strong>in</strong></span> 
     </span>
     <span class='ocr_line' id='line_1_22' title="bbox 400 3351 1383 3448; baseline -0.004 -23"><span class='ocrx_word' id='word_1_156' title='bbox 400 3380 506 3432; x_wconf 80' lang='lat' dir='ltr'><strong>amore</strong></span> <span class='ocrx_word' id='word_1_157' title='bbox 521 3356 686 3443; x_wconf 79' lang='lat' dir='ltr'><strong>rudisstve</strong></span> <span class='ocrx_word' id='word_1_158' title='bbox 694 3358 822 3448; x_wconf 73' lang='lat' dir='ltr'><strong>peritus</strong></span> <span class='ocrx_word' id='word_1_159' title='bbox 835 3358 911 3425; x_wconf 76' lang='lat' dir='ltr'><strong>erit.</strong></span> <span class='ocrx_word' id='word_1_160' title='bbox 958 3352 1128 3424; x_wconf 87' lang='lat' dir='ltr'><strong>Luserant</strong></span> <span class='ocrx_word' id='word_1_161' title='bbox 1143 3351 1279 3437; x_wconf 88' lang='lat' dir='ltr'><strong>eadem,</strong></span> <span class='ocrx_word' id='word_1_162' title='bbox 1298 3374 1383 3446; x_wconf 88' lang='lat' dir='ltr'><strong>per-</strong></span> 
     </span>
     <span class='ocr_line' id='line_1_23' title="bbox 400 3474 1383 3573; baseline -0.008 -27"><span class='ocrx_word' id='word_1_163' title='bbox 400 3477 469 3573; x_wconf 87' lang='lat' dir='ltr'><strong>git,</strong></span> <span class='ocrx_word' id='word_1_164' title='bbox 501 3476 574 3548; x_wconf 87' lang='lat' dir='ltr'><strong>alii.</strong></span> <span class='ocrx_word' id='word_1_165' title='bbox 635 3476 734 3548; x_wconf 88' lang='lat' dir='ltr'><strong>Dum</strong></span> <span class='ocrx_word' id='word_1_166' title='bbox 762 3477 963 3550; x_wconf 88' lang='lat' dir='ltr'><strong>Hefiodum</strong></span> <span class='ocrx_word' id='word_1_167' title='bbox 991 3492 1178 3563; x_wconf 88' lang='lat' dir='ltr'><strong>memorat,</strong></span> <span class='ocrx_word' id='word_1_168' title='bbox 1209 3474 1260 3546; x_wconf 75' lang='lat' dir='ltr'><strong>Tu</strong></span> <span class='ocrx_word' id='word_1_169' title='bbox 1284 3478 1383 3561; x_wconf 72' lang='lat' dir='ltr'><strong>canis,</strong></span> 
     </span>
     <span class='ocr_line' id='line_1_24' title="bbox 400 3596 1481 3697; baseline -0.006 -26"><span class='ocrx_word' id='word_1_170' title='bbox 400 3596 531 3693; x_wconf 90' lang='lat' dir='ltr'><strong>inquit,</strong></span> <span class='ocrx_word' id='word_1_171' title='bbox 555 3597 679 3690; x_wconf 82' lang='lat' dir='ltr'><em>Ascraei</em></span> <span class='ocrx_word' id='word_1_172' title='bbox 692 3600 812 3674; x_wconf 80' lang='lat' dir='ltr'><strong>veteris</strong></span> <span class='ocrx_word' id='word_1_173' title='bbox 825 3614 986 3695; x_wconf 61' lang='lat' dir='ltr'><strong>praecepta</strong></span> <span class='ocrx_word' id='word_1_174' title='bbox 1006 3610 1118 3695; x_wconf 70' lang='lat' dir='ltr'><strong>poitae,</strong></span> <span class='ocrx_word' id='word_1_175' title='bbox 1154 3600 1228 3697; x_wconf 63' lang='lat' dir='ltr'><strong>Quo</strong></span> <span class='ocrx_word' id='word_1_176' title='bbox 1230 3599 1325 3692; x_wconf 83' lang='lat' dir='ltr'><strong>seges</strong></span> <span class='ocrx_word' id='word_1_177' title='bbox 1348 3600 1383 3665; x_wconf 86' lang='lat' dir='ltr'><strong>in</strong></span> <span class='ocrx_word' id='word_1_178' title='bbox 1478 3611 1481 3623; x_wconf 85' lang='lat'><em>·</em></span> 
     </span>
     <span class='ocr_line' id='line_1_25' title="bbox 402 3721 1382 3824; baseline -0.002 -30"><span class='ocrx_word' id='word_1_179' title='bbox 402 3740 518 3816; x_wconf 81' lang='lat' dir='ltr'><strong>campo,</strong></span> <span class='ocrx_word' id='word_1_180' title='bbox 542 3747 599 3818; x_wconf 77' lang='lat' dir='ltr'><strong>qao</strong></span> <span class='ocrx_word' id='word_1_181' title='bbox 614 3726 702 3793; x_wconf 84' lang='lat' dir='ltr'><strong>viret</strong></span> <span class='ocrx_word' id='word_1_182' title='bbox 717 3750 783 3795; x_wconf 83' lang='lat' dir='ltr'><strong>uva</strong></span> <span class='ocrx_word' id='word_1_183' title='bbox 789 3728 880 3822; x_wconf 86' lang='lat' dir='ltr'><strong>jugo.</strong></span> <span class='ocrx_word' id='word_1_184' title='bbox 921 3725 1030 3824; x_wconf 85' lang='lat' dir='ltr'><strong>Vides</strong></span> <span class='ocrx_word' id='word_1_185' title='bbox 1047 3725 1214 3820; x_wconf 87' lang='lat' dir='ltr'><strong>exemplo</strong></span> <span class='ocrx_word' id='word_1_186' title='bbox 1231 3721 1382 3794; x_wconf 88' lang='lat' dir='ltr'><strong>Hefiodi</strong></span> 
     </span>
     <span class='ocr_line' id='line_1_26' title="bbox 400 3838 1382 3944; baseline -0.002 -28"><span class='ocrx_word' id='word_1_187' title='bbox 400 3845 481 3916; x_wconf 89' lang='lat' dir='ltr'><strong>cani</strong></span> <span class='ocrx_word' id='word_1_188' title='bbox 497 3843 581 3931; x_wconf 89' lang='lat' dir='ltr'><strong>dici,</strong></span> <span class='ocrx_word' id='word_1_189' title='bbox 605 3869 676 3916; x_wconf 93' lang='lat' dir='ltr'><strong>non</strong></span> <span class='ocrx_word' id='word_1_190' title='bbox 700 3847 745 3918; x_wconf 89' lang='lat' dir='ltr'><strong>ab</strong></span> <span class='ocrx_word' id='word_1_191' title='bbox 763 3847 840 3942; x_wconf 90' lang='lat' dir='ltr'><strong>ipso</strong></span> <span class='ocrx_word' id='word_1_192' title='bbox 855 3847 1015 3920; x_wconf 78' lang='lat' dir='ltr'><strong>Hesiodo</strong></span> <span class='ocrx_word' id='word_1_193' title='bbox 1026 3884 1036 3932; x_wconf 87' lang='lat'>;</span> <span class='ocrx_word' id='word_1_194' title='bbox 1062 3849 1181 3944; x_wconf 89' lang='lat' dir='ltr'><strong>potuit</strong></span> <span class='ocrx_word' id='word_1_195' title='bbox 1204 3871 1243 3917; x_wconf 89' lang='lat' dir='ltr'><strong>ea</strong></span> <span class='ocrx_word' id='word_1_196' title='bbox 1258 3838 1382 3916; x_wconf 64' lang='lat' dir='ltr'><strong>&#39;tamen</strong></span> 
     </span>
     <span class='ocr_line' id='line_1_27' title="bbox 401 3968 1382 4068; baseline -0.006 -27"><span class='ocrx_word' id='word_1_197' title='bbox 401 3968 575 4041; x_wconf 86' lang='lat' dir='ltr'><strong>Manilius</strong></span> <span class='ocrx_word' id='word_1_198' title='bbox 587 3969 632 4040; x_wconf 88' lang='lat' dir='ltr'><strong>ad</strong></span> <span class='ocrx_word' id='word_1_199' title='bbox 645 3969 844 4044; x_wconf 86' lang='lat' dir='ltr'><strong>Hefiodum</strong></span> <span class='ocrx_word' id='word_1_200' title='bbox 855 3970 974 4068; x_wconf 90' lang='lat' dir='ltr'><strong>ipsum</strong></span> <span class='ocrx_word' id='word_1_201' title='bbox 985 3968 1124 4058; x_wconf 86' lang='lat' dir='ltr'><strong>referre,</strong></span> <span class='ocrx_word' id='word_1_202' title='bbox 1140 3988 1246 4065; x_wconf 90' lang='lat' dir='ltr'><strong>atque</strong></span> <span class='ocrx_word' id='word_1_203' title='bbox 1261 3968 1382 4050; x_wconf 84' lang='lat' dir='ltr'><strong>etiarn,</strong></span> 
     </span>
     <span class='ocr_line' id='line_1_28' title="bbox 400 4089 1382 4187; baseline -0.01 -24"><span class='ocrx_word' id='word_1_204' title='bbox 400 4114 485 4163; x_wconf 89' lang='lat' dir='ltr'><strong>cum</strong></span> <span class='ocrx_word' id='word_1_205' title='bbox 501 4089 540 4161; x_wconf 89' lang='lat' dir='ltr'><strong>in</strong></span> <span class='ocrx_word' id='word_1_206' title='bbox 556 4089 659 4162; x_wconf 86' lang='lat' dir='ltr'><strong>laude</strong></span> <span class='ocrx_word' id='word_1_207' title='bbox 675 4090 792 4187; x_wconf 79' lang='lat' dir='ltr'><strong>po‘e&#39;tae</strong></span> <span class='ocrx_word' id='word_1_208' title='bbox 806 4091 1008 4181; x_wconf 82' lang='lat' dir='ltr'><strong>versaretur,</strong></span> <span class='ocrx_word' id='word_1_209' title='bbox 1032 4118 1075 4165; x_wconf 91' lang='lat' dir='ltr'><strong>eo</strong></span> <span class='ocrx_word' id='word_1_210' title='bbox 1096 4090 1238 4174; x_wconf 89' lang='lat' dir='ltr'><strong>adduci,</strong></span> <span class='ocrx_word' id='word_1_211' title='bbox 1264 4104 1304 4158; x_wconf 88' lang='lat' dir='ltr'><strong>ut</strong></span> <span class='ocrx_word' id='word_1_212' title='bbox 1319 4106 1382 4154; x_wconf 87' lang='lat' dir='ltr'><strong>co-</strong></span> 
     </span>
     <span class='ocr_line' id='line_1_29' title="bbox 398 4214 1233 4316; baseline -0.008 -28"><span class='ocrx_word' id='word_1_213' title='bbox 398 4215 531 4316; x_wconf 84' lang='lat' dir='ltr'><strong>piofius</strong></span> <span class='ocrx_word' id='word_1_214' title='bbox 548 4233 583 4286; x_wconf 88' lang='lat' dir='ltr'><strong>et</strong></span> <span class='ocrx_word' id='word_1_215' title='bbox 598 4216 771 4301; x_wconf 86' lang='lat' dir='ltr'><strong>ornatius,</strong></span> <span class='ocrx_word' id='word_1_216' title='bbox 785 4240 826 4288; x_wconf 94' lang='lat' dir='ltr'><strong>ac</strong></span> <span class='ocrx_word' id='word_1_217' title='bbox 844 4232 899 4288; x_wconf 87' lang='lat' dir='ltr'><strong>res</strong></span> <span class='ocrx_word' id='word_1_218' title='bbox 918 4216 1062 4305; x_wconf 85' lang='lat' dir='ltr'><strong>ferebat,</strong></span> <span class='ocrx_word' id='word_1_219' title='bbox 1079 4214 1233 4287; x_wconf 87' lang='lat' dir='ltr'><strong>efferret.</strong></span> 
     </span>
     <span class='ocr_line' id='line_1_30' title="bbox 551 4388 1201 4471; baseline -0.003 -24"><span class='ocrx_word' id='word_1_220' title='bbox 551 4389 570 4424; x_wconf 70' lang='lat'><strong>⁴</strong></span> <span class='ocrx_word' id='word_1_221' title='bbox 590 4388 868 4471; x_wconf 17' lang='lat' dir='ltr'><strong>Manil.11,fl19sqq.</strong></span> <span class='ocrx_word' id='word_1_222' title='bbox 1198 4464 1201 4470; x_wconf 26' lang='lat'>¹</span> 
     </span>
     <span class='ocr_line' id='line_1_31' title="bbox 553 4476 1202 4560; baseline -0.012 -20"><span class='ocrx_word' id='word_1_223' title='bbox 553 4481 572 4540; x_wconf 84' lang='lat'>†</span> <span class='ocrx_word' id='word_1_224' title='bbox 592 4478 714 4559; x_wconf 78' lang='lat' dir='ltr'><strong>Ptopert,</strong></span> <span class='ocrx_word' id='word_1_225' title='bbox 725 4478 777 4541; x_wconf 80' lang='lat' dir='ltr'><strong>lib.</strong></span> <span class='ocrx_word' id='word_1_226' title='bbox 790 4477 819 4539; x_wconf 88' lang='lat' dir='ltr'>H</span> <span class='ocrx_word' id='word_1_227' title='bbox 831 4480 911 4560; x_wconf 84' lang='lat' dir='ltr'><strong>Eleg.</strong></span> <span class='ocrx_word' id='word_1_228' title='bbox 923 4490 994 4540; x_wconf 74' lang='lat' dir='ltr'><strong>extr.</strong></span> <span class='ocrx_word' id='word_1_229' title='bbox 1009 4477 1100 4539; x_wconf 75' lang='lat' dir='ltr'><strong>versus</strong></span> <span class='ocrx_word' id='word_1_230' title='bbox 1111 4476 1202 4536; x_wconf 86' lang='lat' dir='ltr'><strong>finem.</strong></span> 
     </span>
     <span class='ocr_line' id='line_1_32' title="bbox 1107 4572 1381 4647; baseline -0.007 0"><span class='ocrx_word' id='word_1_231' title='bbox 1107 4576 1124 4610; x_wconf 76' lang='lat'><strong>&#39;·</strong></span> <span class='ocrx_word' id='word_1_232' title='bbox 1181 4572 1381 4647; x_wconf 77' lang='lat' dir='ltr'><strong>Sententia-</strong></span> 
     </span>
    </p>
   </div>
   <div class='ocr_carea' id='block_1_3' title="bbox 0 0 1792 5509">
    <p class='ocr_par' dir='ltr' id='par_1_3' title="bbox 0 0 1792 5509">
     <span class='ocr_line' id='line_1_33' title="bbox 0 0 1792 5509; baseline 0 0"><span class='ocrx_word' id='word_1_233' title='bbox 0 0 1792 5509; x_wconf 95' lang='lat' dir='ltr'><strong> </strong></span> 
     </span>
    </p>
   </div>
  </div>
 </body>
</html>
