<?xml version="1.0" encoding="UTF-8"?>
<!DOCTYPE html PUBLIC "-//W3C//DTD XHTML 1.0 Transitional//EN"
    "http://www.w3.org/TR/xhtml1/DTD/xhtml1-transitional.dtd">
<html xmlns="http://www.w3.org/1999/xhtml" xml:lang="en" lang="en">
 <head>
  <title>
</title>
<meta http-equiv="Content-Type" content="text/html;charset=utf-8" />
  <meta name='ocr-system' content='tesseract 3.04.00' />
  <meta name='ocr-capabilities' content='ocr_page ocr_carea ocr_par ocr_line ocrx_word'/>
</head>
<body>
  <div class='ocr_page' id='page_1' title='image "./operavarietatel00virggoog_0814.png"; bbox 0 0 3575 5509; ppageno 0'>
   <div class='ocr_carea' id='block_1_1' title="bbox 409 738 1313 860">
    <p class='ocr_par' dir='ltr' id='par_1_1' title="bbox 409 738 1313 860">
     <span class='ocr_line' id='line_1_1' title="bbox 409 738 1313 860; baseline -0.017 -27"><span class='ocrx_word' id='word_1_1' title='bbox 409 759 479 860; x_wconf 76' lang='lat'>34⁸</span> <span class='ocrx_word' id='word_1_2' title='bbox 552 746 910 831; x_wconf 70' lang='lat' dir='ltr'>urire-lm</span> <span class='ocrx_word' id='word_1_3' title='bbox 945 738 1244 823; x_wconf 78' lang='lat' dir='ltr'>mnuonrs</span> <span class='ocrx_word' id='word_1_4' title='bbox 1310 795 1313 802; x_wconf 84' lang='lat'>.</span> 
     </span>
    </p>
   </div>
   <div class='ocr_carea' id='block_1_2' title="bbox 408 938 1399 1050">
    <p class='ocr_par' dir='ltr' id='par_1_2' title="bbox 408 938 1399 1050">
     <span class='ocr_line' id='line_1_2' title="bbox 408 938 1399 1050; baseline -0.019 -22"><span class='ocrx_word' id='word_1_5' title='bbox 408 954 557 1050; x_wconf 82' lang='lat' dir='ltr'>Jamque</span> <span class='ocrx_word' id='word_1_6' title='bbox 573 952 704 1050; x_wconf 88' lang='lat' dir='ltr'>pedem</span> <span class='ocrx_word' id='word_1_7' title='bbox 722 949 871 1022; x_wconf 86' lang='lat' dir='ltr'>referens</span> <span class='ocrx_word' id='word_1_8' title='bbox 886 945 984 1019; x_wconf 90' lang='lat' dir='ltr'>casus</span> <span class='ocrx_word' id='word_1_9' title='bbox 1000 938 1150 1016; x_wconf 83' lang='lat' dir='ltr'>evaserat</span> <span class='ocrx_word' id='word_1_10' title='bbox 1163 938 1292 1028; x_wconf 85' lang='lat' dir='ltr'>omnis,</span> <span class='ocrx_word' id='word_1_11' title='bbox 1314 943 1368 1031; x_wconf 86' lang='lat'>48</span> <span class='ocrx_word' id='word_1_12' title='bbox 1372 953 1399 1038; x_wconf 73' lang='grc' dir='ltr'><strong><em>ς</em></strong></span> 
     </span>
    </p>
   </div>
   <div class='ocr_carea' id='block_1_3' title="bbox 406 1080 1399 1325">
    <p class='ocr_par' dir='ltr' id='par_1_3' title="bbox 406 1080 1399 1325">
     <span class='ocr_line' id='line_1_3' title="bbox 406 1080 1380 1199; baseline -0.015 -34"><span class='ocrx_word' id='word_1_13' title='bbox 406 1093 633 1187; x_wconf 85' lang='lat' dir='ltr'>Redditaque</span> <span class='ocrx_word' id='word_1_14' title='bbox 651 1089 828 1184; x_wconf 86' lang='lat' dir='ltr'>Eurydice</span> <span class='ocrx_word' id='word_1_15' title='bbox 842 1087 981 1182; x_wconf 86' lang='lat' dir='ltr'>superas</span> <span class='ocrx_word' id='word_1_16' title='bbox 1001 1081 1163 1199; x_wconf 88' lang='lat' dir='ltr'>veniebat</span> <span class='ocrx_word' id='word_1_17' title='bbox 1177 1080 1223 1153; x_wconf 87' lang='lat' dir='ltr'>ad</span> <span class='ocrx_word' id='word_1_18' title='bbox 1238 1103 1357 1170; x_wconf 88' lang='lat' dir='ltr'>auras,</span> <span class='ocrx_word' id='word_1_19' title='bbox 1378 1105 1380 1108; x_wconf 89' lang='lat'>·</span> 
     </span>
     <span class='ocr_line' id='line_1_4' title="bbox 408 1216 1399 1325; baseline -0.013 -22"><span class='ocrx_word' id='word_1_20' title='bbox 408 1228 506 1303; x_wconf 91' lang='lat' dir='ltr'>Pone</span> <span class='ocrx_word' id='word_1_21' title='bbox 528 1229 695 1325; x_wconf 80' lang='lat' dir='ltr'>sequens3</span> <span class='ocrx_word' id='word_1_22' title='bbox 722 1248 875 1322; x_wconf 88' lang='lat' dir='ltr'>namque</span> <span class='ocrx_word' id='word_1_23' title='bbox 900 1225 989 1295; x_wconf 84' lang='lat' dir='ltr'>hanc</span> <span class='ocrx_word' id='word_1_24' title='bbox 1010 1220 1154 1294; x_wconf 80' lang='lat' dir='ltr'>dederat</span> <span class='ocrx_word' id='word_1_25' title='bbox 1180 1216 1399 1316; x_wconf 74' lang='lat' dir='ltr'>Proserpina</span> 
     </span>
    </p>
   </div>
   <div class='ocr_carea' id='block_1_4' title="bbox 552 1367 691 1463">
    <p class='ocr_par' dir='ltr' id='par_1_4' title="bbox 552 1367 691 1463">
     <span class='ocr_line' id='line_1_5' title="bbox 552 1367 691 1463; baseline 0.007 -25"><span class='ocrx_word' id='word_1_26' title='bbox 552 1367 691 1463; x_wconf 76' lang='lat' dir='ltr'>legem3</span> 
     </span>
    </p>
   </div>
   <div class='ocr_carea' id='block_1_5' title="bbox 660 1541 1132 1606">
    <p class='ocr_par' dir='ltr' id='par_1_5' title="bbox 660 1541 1132 1606">
     <span class='ocr_line' id='line_1_6' title="bbox 660 1541 1132 1606; baseline 0.006 -13"><span class='ocrx_word' id='word_1_27' title='bbox 660 1542 716 1603; x_wconf 81' lang='grc'>486.</span> <span class='ocrx_word' id='word_1_28' title='bbox 732 1546 763 1592; x_wconf 86' lang='lat' dir='ltr'>ad</span> <span class='ocrx_word' id='word_1_29' title='bbox 769 1563 816 1593; x_wconf 82' lang='lat' dir='ltr'>oras</span> <span class='ocrx_word' id='word_1_30' title='bbox 826 1541 925 1594; x_wconf 79' lang='lat' dir='ltr'>Vratifl.</span> <span class='ocrx_word' id='word_1_31' title='bbox 933 1544 984 1594; x_wconf 84' lang='lat' dir='ltr'>vid.</span> <span class='ocrx_word' id='word_1_32' title='bbox 1000 1544 1031 1594; x_wconf 76' lang='lat' dir='ltr'>ad</span> <span class='ocrx_word' id='word_1_33' title='bbox 1047 1545 1132 1606; x_wconf 70' lang='lat' dir='ltr'>ll,47o</span> 
     </span>
    </p>
   </div>
   <div class='ocr_carea' id='block_1_6' title="bbox 391 1735 1392 2515">
    <p class='ocr_par' dir='ltr' id='par_1_6' title="bbox 391 1735 1392 2515">
     <span class='ocr_line' id='line_1_7' title="bbox 404 1735 1392 1824; baseline -0.003 -20"><span class='ocrx_word' id='word_1_34' title='bbox 404 1745 528 1824; x_wconf 77' lang='lat' dir='ltr'>proxime</span> <span class='ocrx_word' id='word_1_35' title='bbox 554 1738 671 1810; x_wconf 88' lang='lat' dir='ltr'>accedit,</span> <span class='ocrx_word' id='word_1_36' title='bbox 713 1740 788 1819; x_wconf 84' lang='lat' dir='ltr'>quod</span> <span class='ocrx_word' id='word_1_37' title='bbox 819 1735 875 1797; x_wconf 87' lang='lat' dir='ltr'>liu-</span> <span class='ocrx_word' id='word_1_38' title='bbox 923 1739 1129 1799; x_wconf 80' lang='lat' dir='ltr'>rotae&#39;Ixioniae</span> <span class='ocrx_word' id='word_1_39' title='bbox 1152 1757 1197 1819; x_wconf 86' lang='lat' dir='ltr'>ap.</span> <span class='ocrx_word' id='word_1_40' title='bbox 1225 1736 1320 1801; x_wconf 64' lang='lat' dir='ltr'>Seneca</span> <span class='ocrx_word' id='word_1_41' title='bbox 1339 1737 1392 1801; x_wconf 76' lang='lat' dir='ltr'>H.</span> 
     </span>
     <span class='ocr_line' id='line_1_8' title="bbox 405 1817 1392 1900; baseline -0.006 -21"><span class='ocrx_word' id='word_1_42' title='bbox 405 1822 504 1900; x_wconf 80' lang='lat' dir='ltr'>ripidis</span> <span class='ocrx_word' id='word_1_43' title='bbox 518 1820 675 1879; x_wconf 74' lang='lat' dir='ltr'>scholiastes</span> <span class='ocrx_word' id='word_1_44' title='bbox 688 1818 782 1877; x_wconf 82' lang='lat' dir='ltr'>Phoen.</span> <span class='ocrx_word' id='word_1_45' title='bbox 802 1837 872 1895; x_wconf 83' lang='lat'>1192</span> <span class='ocrx_word' id='word_1_46' title='bbox 923 1818 983 1875; x_wconf 89' lang='lat' dir='ltr'>OEt.</span> <span class='ocrx_word' id='word_1_47' title='bbox 1000 1821 1072 1897; x_wconf 84' lang='lat'>1069</span> <span class='ocrx_word' id='word_1_48' title='bbox 1083 1834 1111 1876; x_wconf 87' lang='lat' dir='ltr'>et</span> <span class='ocrx_word' id='word_1_49' title='bbox 1120 1818 1187 1877; x_wconf 83' lang='lat' dir='ltr'><strong>Stat.</strong></span> <span class='ocrx_word' id='word_1_50' title='bbox 1200 1817 1292 1877; x_wconf 87' lang='lat' dir='ltr'><strong>Theb.</strong></span> <span class='ocrx_word' id='word_1_51' title='bbox 1304 1817 1392 1887; x_wconf 80' lang='lat' dir='ltr'>VIII,</span> 
     </span>
     <span class='ocr_line' id='line_1_9' title="bbox 405 1894 1390 1975; baseline -0.001 -20"><span class='ocrx_word' id='word_1_52' title='bbox 405 1899 478 1955; x_wconf 85' lang='lat' dir='ltr'>haud</span> <span class='ocrx_word' id='word_1_53' title='bbox 497 1897 769 1955; x_wconf 61' lang='lat' dir='ltr'>dubie‘evctustiore</span> <span class='ocrx_word' id='word_1_54' title='bbox 782 1895 875 1971; x_wconf 90' lang='lat' dir='ltr'>aliquo</span> <span class='ocrx_word' id='word_1_55' title='bbox 923 1915 970 1975; x_wconf 78' lang='lat'>50.</span> <span class='ocrx_word' id='word_1_56' title='bbox 998 1915 1044 1971; x_wconf 79' lang='lat'>51,</span> <span class='ocrx_word' id='word_1_57' title='bbox 1063 1894 1151 1953; x_wconf 80' lang='lat' dir='ltr'>videri</span> <span class='ocrx_word' id='word_1_58' title='bbox 1167 1896 1278 1972; x_wconf 69' lang='lat' dir='ltr'>poitam</span> <span class='ocrx_word' id='word_1_59' title='bbox 1289 1897 1390 1954; x_wconf 80' lang='lat' dir='ltr'>eodem</span> 
     </span>
     <span class='ocr_line' id='line_1_10' title="bbox 406 1966 1390 2047; baseline 0 -14"><span class='ocrx_word' id='word_1_60' title='bbox 406 1978 515 2033; x_wconf 69' lang='lat' dir='ltr'>auitore</span> <span class='ocrx_word' id='word_1_61' title='bbox 538 1987 678 2044; x_wconf 88' lang='lat' dir='ltr'>memorat,</span> <span class='ocrx_word' id='word_1_62' title='bbox 698 1974 793 2047; x_wconf 79' lang='lat' dir='ltr'>jovem</span> <span class='ocrx_word' id='word_1_63' title='bbox 819 1972 874 2029; x_wconf 88' lang='lat' dir='ltr'>ira·</span> <span class='ocrx_word' id='word_1_64' title='bbox 922 1973 1005 2029; x_wconf 89' lang='lat' dir='ltr'>modo</span> <span class='ocrx_word' id='word_1_65' title='bbox 1024 1966 1120 2029; x_wconf 83' lang='lat' dir='ltr'>dixisle</span> <span class='ocrx_word' id='word_1_66' title='bbox 1138 1988 1244 2030; x_wconf 81' lang='lat' dir='ltr'>ventum</span> <span class='ocrx_word' id='word_1_67' title='bbox 1268 1989 1338 2041; x_wconf 82' lang='lat' dir='ltr'>rotae,</span> <span class='ocrx_word' id='word_1_68' title='bbox 1358 1973 1390 2034; x_wconf 87' lang='lat' dir='ltr'>h.</span> 
     </span>
     <span class='ocr_line' id='line_1_11' title="bbox 405 2048 1390 2127; baseline -0.001 -18"><span class='ocrx_word' id='word_1_69' title='bbox 405 2065 464 2110; x_wconf 91' lang='lat' dir='ltr'>tum</span> <span class='ocrx_word' id='word_1_70' title='bbox 495 2052 619 2109; x_wconf 78' lang='lat' dir='ltr'>Ixionem</span> <span class='ocrx_word' id='word_1_71' title='bbox 646 2064 712 2109; x_wconf 85' lang='lat' dir='ltr'>rotae</span> <span class='ocrx_word' id='word_1_72' title='bbox 737 2050 874 2127; x_wconf 85' lang='lat' dir='ltr'>illigatum</span> <span class='ocrx_word' id='word_1_73' title='bbox 921 2048 1098 2106; x_wconf 80' lang='lat' dir='ltr'><strong>rotationem:</strong></span> <span class='ocrx_word' id='word_1_74' title='bbox 1119 2048 1187 2106; x_wconf 86' lang='lat' dir='ltr'>hanc</span> <span class='ocrx_word' id='word_1_75' title='bbox 1208 2069 1272 2107; x_wconf 92' lang='lat' dir='ltr'>cum</span> <span class='ocrx_word' id='word_1_76' title='bbox 1289 2049 1390 2108; x_wconf 84' lang='lat' dir='ltr'>consti-</span> 
     </span>
     <span class='ocr_line' id='line_1_12' title="bbox 391 2124 1390 2206; baseline 0 -19"><span class='ocrx_word' id='word_1_77' title='bbox 391 2127 393 2136; x_wconf 56' lang='lat'><strong><em>⁴</em></strong></span> <span class='ocrx_word' id='word_1_78' title='bbox 405 2129 548 2206; x_wconf 74' lang='lat' dir='ltr'>permisisse</span> <span class='ocrx_word' id='word_1_79' title='bbox 561 2128 619 2186; x_wconf 83' lang='lat' dir='ltr'>a&#39;eri</span> <span class='ocrx_word' id='word_1_80' title='bbox 632 2128 783 2194; x_wconf 81' lang='lat' dir='ltr'>serendum,</span> <span class='ocrx_word' id='word_1_81' title='bbox 803 2141 830 2183; x_wconf 91' lang='lat' dir='ltr'>et</span> <span class='ocrx_word' id='word_1_82' title='bbox 843 2126 874 2183; x_wconf 92' lang='lat' dir='ltr'>in</span> <span class='ocrx_word' id='word_1_83' title='bbox 921 2124 980 2182; x_wconf 85' lang='lat' dir='ltr'>risse</span> <span class='ocrx_word' id='word_1_84' title='bbox 991 2125 1082 2184; x_wconf 85' lang='lat' dir='ltr'>dicere</span> <span class='ocrx_word' id='word_1_85' title='bbox 1094 2127 1185 2194; x_wconf 86' lang='lat' dir='ltr'>vellet,-</span> <span class='ocrx_word' id='word_1_86' title='bbox 1204 2128 1390 2205; x_wconf 81' lang='lat' dir='ltr'>provulgari:</span> 
     </span>
     <span class='ocr_line' id='line_1_13' title="bbox 406 2202 1389 2282; baseline 0.002 -21"><span class='ocrx_word' id='word_1_87' title='bbox 406 2212 470 2263; x_wconf 81' lang='lat' dir='ltr'>a‘e&#39;re</span> <span class='ocrx_word' id='word_1_88' title='bbox 483 2206 738 2282; x_wconf 78' lang='lat' dir='ltr'>circumagendam:</span> <span class='ocrx_word' id='word_1_89' title='bbox 752 2202 876 2280; x_wconf 64' lang='grc' dir='ltr'>ὄςγισθεῖς</span> <span class='ocrx_word' id='word_1_90' title='bbox 920 2220 1022 2273; x_wconf 81' lang='lat' dir='ltr'>ventus,</span> <span class='ocrx_word' id='word_1_91' title='bbox 1041 2204 1085 2259; x_wconf 93' lang='lat' dir='ltr'>seu</span> <span class='ocrx_word' id='word_1_92' title='bbox 1098 2203 1188 2271; x_wconf 90' lang='lat' dir='ltr'>turbo,</span> <span class='ocrx_word' id='word_1_93' title='bbox 1207 2205 1308 2263; x_wconf 83' lang='lat' dir='ltr'>Ixionii</span> <span class='ocrx_word' id='word_1_94' title='bbox 1314 2206 1389 2274; x_wconf 80' lang='lat' dir='ltr'>orbis,</span> 
     </span>
     <span class='ocr_line' id='line_1_14' title="bbox 405 2279 1390 2359; baseline -0.005 -21"><span class='ocrx_word' id='word_1_95' title='bbox 405 2282 465 2341; x_wconf 76' lang='lat' dir='ltr'>did</span> <span class='ocrx_word' id='word_1_96' title='bbox 493 2284 550 2340; x_wconf 79' lang='lat' dir='ltr'>Zrir</span> <span class='ocrx_word' id='word_1_97' title='bbox 570 2288 698 2359; x_wconf 70' lang='grc' dir='ltr'>ὑποπτέςῳ</span> <span class='ocrx_word' id='word_1_98' title='bbox 724 2290 810 2359; x_wconf 73' lang='grc' dir='ltr'>τςοχῷ</span> <span class='ocrx_word' id='word_1_99' title='bbox 836 2285 875 2341; x_wconf 74' lang='grc' dir='ltr'>τὸν</span> <span class='ocrx_word' id='word_1_100' title='bbox 921 2279 1038 2337; x_wconf 77' lang='lat' dir='ltr'>Ixioniae</span> <span class='ocrx_word' id='word_1_101' title='bbox 1066 2293 1143 2347; x_wconf 80' lang='lat' dir='ltr'>rotae,</span> <span class='ocrx_word' id='word_1_102' title='bbox 1152 2279 1276 2359; x_wconf 79' lang='lat' dir='ltr'>substitit,</span> <span class='ocrx_word' id='word_1_103' title='bbox 1295 2283 1390 2359; x_wconf 74' lang='lat' dir='ltr'>exqui-</span> 
     </span>
     <span class='ocr_line' id='line_1_15' title="bbox 406 2355 1388 2437; baseline 0.001 -20"><span class='ocrx_word' id='word_1_104' title='bbox 406 2362 496 2431; x_wconf 68' lang='grc' dir='ltr'>Ἰξίονα</span> <span class='ocrx_word' id='word_1_105' title='bbox 521 2361 598 2420; x_wconf 68' lang='grc' dir='ltr'><em>δήσας</em></span> <span class='ocrx_word' id='word_1_106' title='bbox 632 2365 709 2434; x_wconf 66' lang='grc' dir='ltr'>ἀφῆκε</span> <span class='ocrx_word' id='word_1_107' title='bbox 747 2368 782 2437; x_wconf 76' lang='grc' dir='ltr'>τῷ</span> <span class='ocrx_word' id='word_1_108' title='bbox 819 2364 871 2437; x_wconf 73' lang='grc' dir='ltr'>ἇέςι</span> <span class='ocrx_word' id='word_1_109' title='bbox 922 2356 995 2415; x_wconf 85' lang='lat' dir='ltr'>fitius</span> <span class='ocrx_word' id='word_1_110' title='bbox 1007 2355 1096 2415; x_wconf 82' lang='lat' dir='ltr'>dixit:</span> <span class='ocrx_word' id='word_1_111' title='bbox 1118 2374 1172 2416; x_wconf 87' lang='lat' dir='ltr'>rota</span> <span class='ocrx_word' id='word_1_112' title='bbox 1183 2362 1288 2435; x_wconf 80' lang='lat' dir='ltr'>torrflitit</span> <span class='ocrx_word' id='word_1_113' title='bbox 1299 2376 1388 2429; x_wconf 71' lang='lat' dir='ltr'>vento,</span> 
     </span>
     <span class='ocr_line' id='line_1_16' title="bbox 405 2432 1388 2515; baseline -0.002 -19"><span class='ocrx_word' id='word_1_114' title='bbox 405 2436 734 2515; x_wconf 57' lang='lat' dir='ltr'>oleariae-Exscripsrsle</span> <span class='ocrx_word' id='word_1_115' title='bbox 755 2457 817 2495; x_wconf 90' lang='lat' dir='ltr'>eum</span> <span class='ocrx_word' id='word_1_116' title='bbox 830 2438 872 2494; x_wconf 84' lang='lat' dir='ltr'>vi.</span> <span class='ocrx_word' id='word_1_117' title='bbox 920 2433 950 2490; x_wconf 91' lang='lat' dir='ltr'>in</span> <span class='ocrx_word' id='word_1_118' title='bbox 970 2433 1105 2492; x_wconf 89' lang='lat' dir='ltr'>rotatione</span> <span class='ocrx_word' id='word_1_119' title='bbox 1116 2432 1173 2504; x_wconf 88' lang='lat' dir='ltr'>sua,</span> <span class='ocrx_word' id='word_1_120' title='bbox 1192 2434 1225 2492; x_wconf 89' lang='lat' dir='ltr'>in</span> <span class='ocrx_word' id='word_1_121' title='bbox 1238 2450 1316 2504; x_wconf 86' lang='lat' dir='ltr'>mqtu</span> <span class='ocrx_word' id='word_1_122' title='bbox 1328 2435 1388 2499; x_wconf 82' lang='lat' dir='ltr'>suo.</span> 
     </span>
    </p>
   </div>
   <div class='ocr_carea' id='block_1_7' title="bbox 302 2510 1388 2587">
    <p class='ocr_par' dir='ltr' id='par_1_7' title="bbox 302 2510 1388 2587">
     <span class='ocr_line' id='line_1_17' title="bbox 302 2510 1388 2587; baseline 0.001 -16"><span class='ocrx_word' id='word_1_123' title='bbox 302 2531 306 2536; x_wconf 78' lang='grc'><em>“</em></span> <span class='ocrx_word' id='word_1_124' title='bbox 344 2523 347 2528; x_wconf 75' lang='grc'>’</span> <span class='ocrx_word' id='word_1_125' title='bbox 404 2517 463 2573; x_wconf 89' lang='lat' dir='ltr'>deri</span> <span class='ocrx_word' id='word_1_126' title='bbox 477 2515 556 2570; x_wconf 87' lang='lat' dir='ltr'>debet</span> <span class='ocrx_word' id='word_1_127' title='bbox 568 2514 658 2571; x_wconf 85' lang='lat' dir='ltr'>Schol.</span> <span class='ocrx_word' id='word_1_128' title='bbox 673 2514 789 2571; x_wconf 83' lang='lat' dir='ltr'>Luciani</span> <span class='ocrx_word' id='word_1_129' title='bbox 800 2514 867 2572; x_wconf 84' lang='lat' dir='ltr'>DD.</span> <span class='ocrx_word' id='word_1_130' title='bbox 921 2510 1138 2587; x_wconf 88' lang='lat' dir='ltr'>Relinquendum</span> <span class='ocrx_word' id='word_1_131' title='bbox 1160 2512 1211 2570; x_wconf 82' lang='lat' dir='ltr'>effe</span> <span class='ocrx_word' id='word_1_132' title='bbox 1233 2512 1315 2570; x_wconf 87' lang='lat' dir='ltr'>video</span> <span class='ocrx_word' id='word_1_133' title='bbox 1333 2514 1388 2573; x_wconf 85' lang='lat' dir='ltr'>lec-</span> 
     </span>
    </p>
   </div>
   <div class='ocr_carea' id='block_1_8' title="bbox 376 2587 1389 2745">
    <p class='ocr_par' dir='ltr' id='par_1_8' title="bbox 376 2587 1389 2745">
     <span class='ocr_line' id='line_1_18' title="bbox 376 2587 1389 2668; baseline 0 -17"><span class='ocrx_word' id='word_1_134' title='bbox 376 2634 380 2654; x_wconf 51' lang='lat'>2</span> <span class='ocrx_word' id='word_1_135' title='bbox 403 2596 434 2658; x_wconf 90' lang='lat'>6,</span> <span class='ocrx_word' id='word_1_136' title='bbox 465 2610 528 2668; x_wconf 88' lang='lat' dir='ltr'><strong>pag.</strong></span> <span class='ocrx_word' id='word_1_137' title='bbox 555 2593 623 2657; x_wconf 81' lang='lat'><strong>216,</strong></span> <span class='ocrx_word' id='word_1_138' title='bbox 653 2590 691 2648; x_wconf 89' lang='lat' dir='ltr'>T.</span> <span class='ocrx_word' id='word_1_139' title='bbox 717 2589 743 2659; x_wconf 92' lang='lat' dir='ltr'>I,</span> <span class='ocrx_word' id='word_1_140' title='bbox 771 2592 868 2649; x_wconf 80' lang='grc' dir='ltr'><strong>Ζεὺς-</strong></span> <span class='ocrx_word' id='word_1_141' title='bbox 920 2589 989 2649; x_wconf 86' lang='lat' dir='ltr'>toris</span> <span class='ocrx_word' id='word_1_142' title='bbox 1008 2587 1126 2664; x_wconf 87' lang='lat' dir='ltr'>judicio,</span> <span class='ocrx_word' id='word_1_143' title='bbox 1145 2603 1233 2647; x_wconf 89' lang='lat' dir='ltr'>utram</span> <span class='ocrx_word' id='word_1_144' title='bbox 1255 2589 1389 2651; x_wconf 82' lang='lat' dir='ltr'>rationem</span> 
     </span>
     <span class='ocr_line' id='line_1_19' title="bbox 403 2664 1388 2745; baseline 0.002 -20"><span class='ocrx_word' id='word_1_145' title='bbox 403 2674 531 2745; x_wconf 73' lang='grc' dir='ltr'>ὅποπτέςῳ</span> <span class='ocrx_word' id='word_1_146' title='bbox 544 2668 765 2744; x_wconf 63' lang='grc' dir='ltr'>τςοχῷδῆσαςτόν</span> <span class='ocrx_word' id='word_1_147' title='bbox 778 2672 867 2739; x_wconf 60' lang='grc' dir='ltr'>Ἰξίονι</span> <span class='ocrx_word' id='word_1_148' title='bbox 921 2666 1053 2740; x_wconf 68' lang='lat' dir='ltr'>praeferat.</span> <span class='ocrx_word' id='word_1_149' title='bbox 1091 2664 1198 2723; x_wconf 79' lang='lat' dir='ltr'>Debuit</span> <span class='ocrx_word' id='word_1_150' title='bbox 1220 2680 1268 2724; x_wconf 82' lang='lat' dir='ltr'>aut</span> <span class='ocrx_word' id='word_1_151' title='bbox 1279 2668 1331 2726; x_wconf 77' lang='lat' dir='ltr'>effe</span> <span class='ocrx_word' id='word_1_152' title='bbox 1343 2683 1388 2727; x_wconf 79' lang='lat' dir='ltr'>aut</span> 
     </span>
    </p>
   </div>
   <div class='ocr_carea' id='block_1_9' title="bbox 397 2746 867 3597">
    <p class='ocr_par' dir='ltr' id='par_1_9' title="bbox 397 2746 867 3597">
     <span class='ocr_line' id='line_1_20' title="bbox 403 2746 867 2823; baseline -0.006 -17"><span class='ocrx_word' id='word_1_153' title='bbox 403 2752 481 2822; x_wconf 77' lang='grc' dir='ltr'>ἇφῆκε</span> <span class='ocrx_word' id='word_1_154' title='bbox 506 2746 625 2821; x_wconf 49' lang='lat' dir='ltr'>piperius</span> <span class='ocrx_word' id='word_1_155' title='bbox 657 2746 699 2804; x_wconf 78' lang='lat' dir='ltr'>diri</span> <span class='ocrx_word' id='word_1_156' title='bbox 734 2749 774 2805; x_wconf 74' lang='lat' dir='ltr'>‘riv</span> <span class='ocrx_word' id='word_1_157' title='bbox 804 2752 867 2823; x_wconf 67' lang='grc' dir='ltr'><em>ἀέξοι</em></span> 
     </span>
     <span class='ocr_line' id='line_1_21' title="bbox 402 2824 866 2899; baseline 0.002 -18"><span class='ocrx_word' id='word_1_158' title='bbox 402 2824 570 2899; x_wconf 72' lang='grc' dir='ltr'>μειςιζόμενον·</span> <span class='ocrx_word' id='word_1_159' title='bbox 590 2825 659 2880; x_wconf 80' lang='lat' dir='ltr'>alasa</span> <span class='ocrx_word' id='word_1_160' title='bbox 672 2836 759 2882; x_wconf 82' lang='lat' dir='ltr'>autem</span> <span class='ocrx_word' id='word_1_161' title='bbox 773 2826 800 2883; x_wconf 86' lang='lat' dir='ltr'>h.</span> <span class='ocrx_word' id='word_1_162' title='bbox 822 2845 866 2882; x_wconf 79' lang='lat' dir='ltr'>ce·</span> 
     </span>
     <span class='ocr_line' id='line_1_22' title="bbox 402 2899 866 2971; baseline -0.006 -10"><span class='ocrx_word' id='word_1_163' title='bbox 402 2902 466 2961; x_wconf 85' lang='lat' dir='ltr'>leris</span> <span class='ocrx_word' id='word_1_164' title='bbox 504 2916 562 2958; x_wconf 89' lang='lat' dir='ltr'>rota</span> <span class='ocrx_word' id='word_1_165' title='bbox 593 2899 661 2958; x_wconf 84' lang='lat' dir='ltr'>bene</span> <span class='ocrx_word' id='word_1_166' title='bbox 691 2901 804 2971; x_wconf 85' lang='lat' dir='ltr'>dicitur,</span> <span class='ocrx_word' id='word_1_167' title='bbox 836 2916 866 2959; x_wconf 86' lang='lat' dir='ltr'>ut</span> 
     </span>
     <span class='ocr_line' id='line_1_23' title="bbox 402 2976 864 3056; baseline -0.002 -19"><span class='ocrx_word' id='word_1_168' title='bbox 402 2980 485 3038; x_wconf 87' lang='lat' dir='ltr'>etiam</span> <span class='ocrx_word' id='word_1_169' title='bbox 499 3000 542 3056; x_wconf 86' lang='lat' dir='ltr'>ap.</span> <span class='ocrx_word' id='word_1_170' title='bbox 557 2976 666 3037; x_wconf 76' lang='lat' dir='ltr'>Pindar.</span> <span class='ocrx_word' id='word_1_171' title='bbox 680 2978 700 3035; x_wconf 89' lang='lat' dir='ltr'>l.</span> <span class='ocrx_word' id='word_1_172' title='bbox 723 2980 743 3036; x_wconf 72' lang='lat' dir='ltr'>l,</span> <span class='ocrx_word' id='word_1_173' title='bbox 770 2984 864 3038; x_wconf 77' lang='grc' dir='ltr'><strong><em>ἔνπτε·</em></strong></span> 
     </span>
     <span class='ocr_line' id='line_1_24' title="bbox 402 3055 866 3133; baseline -0.002 -18"><span class='ocrx_word' id='word_1_174' title='bbox 402 3062 478 3133; x_wconf 72' lang='grc' dir='ltr'><strong><em>ςόεντι</em></strong></span> <span class='ocrx_word' id='word_1_175' title='bbox 489 3064 584 3133; x_wconf 55' lang='grc' dir='ltr'><strong><em>τροχῷ.</em></strong></span> <span class='ocrx_word' id='word_1_176' title='bbox 610 3055 716 3112; x_wconf 79' lang='lat' dir='ltr'>Servius</span> <span class='ocrx_word' id='word_1_177' title='bbox 727 3055 780 3113; x_wconf 91' lang='lat' dir='ltr'>hoc</span> <span class='ocrx_word' id='word_1_178' title='bbox 793 3057 866 3114; x_wconf 84' lang='lat' dir='ltr'>idem</span> 
     </span>
     <span class='ocr_line' id='line_1_25' title="bbox 400 3134 866 3202; baseline -0.002 -10"><span class='ocrx_word' id='word_1_179' title='bbox 400 3136 551 3193; x_wconf 84' lang='lat' dir='ltr'>confirmat.</span> <span class='ocrx_word' id='word_1_180' title='bbox 591 3141 612 3166; x_wconf 91' lang='lat'><strong>“</strong></span> <span class='ocrx_word' id='word_1_181' title='bbox 641 3134 719 3191; x_wconf 83' lang='lat' dir='ltr'>Deest</span> <span class='ocrx_word' id='word_1_182' title='bbox 746 3157 810 3202; x_wconf 84' lang='lat' dir='ltr'>cum,</span> <span class='ocrx_word' id='word_1_183' title='bbox 838 3149 866 3192; x_wconf 90' lang='lat' dir='ltr'>et</span> 
     </span>
     <span class='ocr_line' id='line_1_26' title="bbox 402 3210 866 3270; baseline -0.004 0"><span class='ocrx_word' id='word_1_184' title='bbox 402 3213 454 3270; x_wconf 90' lang='lat' dir='ltr'>hoc</span> <span class='ocrx_word' id='word_1_185' title='bbox 469 3211 554 3269; x_wconf 88' lang='lat' dir='ltr'>dicit:</span> <span class='ocrx_word' id='word_1_186' title='bbox 577 3229 638 3267; x_wconf 90' lang='lat' dir='ltr'>cum</span> <span class='ocrx_word' id='word_1_187' title='bbox 651 3225 732 3267; x_wconf 90' lang='lat' dir='ltr'>vento</span> <span class='ocrx_word' id='word_1_188' title='bbox 745 3210 792 3267; x_wconf 90' lang='lat' dir='ltr'>suo</span> <span class='ocrx_word' id='word_1_189' title='bbox 806 3226 866 3269; x_wconf 85' lang='lat' dir='ltr'>rota</span> 
     </span>
     <span class='ocr_line' id='line_1_27' title="bbox 401 3285 866 3355; baseline 0 -9"><span class='ocrx_word' id='word_1_190' title='bbox 401 3289 532 3354; x_wconf 92' lang='lat' dir='ltr'>constitit,</span> <span class='ocrx_word' id='word_1_191' title='bbox 565 3285 594 3342; x_wconf 90' lang='lat' dir='ltr'>id</span> <span class='ocrx_word' id='word_1_192' title='bbox 617 3289 664 3355; x_wconf 88' lang='lat' dir='ltr'>est,</span> <span class='ocrx_word' id='word_1_193' title='bbox 693 3308 755 3343; x_wconf 89' lang='lat' dir='ltr'>cum</span> <span class='ocrx_word' id='word_1_194' title='bbox 780 3290 866 3346; x_wconf 75' lang='lat' dir='ltr'>caussa</span> 
     </span>
     <span class='ocr_line' id='line_1_28' title="bbox 399 3363 865 3443; baseline 0.002 -20"><span class='ocrx_word' id='word_1_195' title='bbox 399 3363 579 3423; x_wconf 84' lang='lat' dir='ltr'>volubilitatis</span> <span class='ocrx_word' id='word_1_196' title='bbox 589 3365 722 3440; x_wconf 88' lang='lat' dir='ltr'>quievit.”</span> <span class='ocrx_word' id='word_1_197' title='bbox 760 3364 865 3443; x_wconf 80' lang='lat' dir='ltr'>Ellipsis</span> 
     </span>
     <span class='ocr_line' id='line_1_29' title="bbox 399 3440 863 3519; baseline 0 -19"><span class='ocrx_word' id='word_1_198' title='bbox 399 3440 527 3519; x_wconf 87' lang='lat' dir='ltr'>perdura!</span> <span class='ocrx_word' id='word_1_199' title='bbox 567 3441 678 3508; x_wconf 81' lang='lat' dir='ltr'>Melius,</span> <span class='ocrx_word' id='word_1_200' title='bbox 714 3458 792 3517; x_wconf 86' lang='lat' dir='ltr'>puto,</span> <span class='ocrx_word' id='word_1_201' title='bbox 824 3444 863 3500; x_wconf 87' lang='lat' dir='ltr'>ita</span> 
     </span>
     <span class='ocr_line' id='line_1_30' title="bbox 397 3522 865 3597; baseline 0.002 -21"><span class='ocrx_word' id='word_1_202' title='bbox 397 3537 529 3597; x_wconf 82' lang='lat' dir='ltr'>expones:</span> <span class='ocrx_word' id='word_1_203' title='bbox 552 3535 631 3574; x_wconf 85' lang='lat' dir='ltr'>rotam</span> <span class='ocrx_word' id='word_1_204' title='bbox 642 3522 735 3593; x_wconf 66' lang='lat' dir='ltr'>corstiti</span> <span class='ocrx_word' id='word_1_205' title='bbox 751 3545 763 3576; x_wconf 82' lang='lat' dir='ltr'>e</span> <span class='ocrx_word' id='word_1_206' title='bbox 774 3544 792 3576; x_wconf 89' lang='lat' dir='ltr'>a</span> <span class='ocrx_word' id='word_1_207' title='bbox 802 3544 865 3577; x_wconf 85' lang='lat' dir='ltr'>ven-</span> 
     </span>
    </p>
   </div>
   <div class='ocr_carea' id='block_1_10' title="bbox 397 3593 878 3670">
    <p class='ocr_par' dir='ltr' id='par_1_10' title="bbox 397 3593 878 3670">
     <span class='ocr_line' id='line_1_31' title="bbox 397 3593 878 3670; baseline 0.006 -19"><span class='ocrx_word' id='word_1_208' title='bbox 397 3611 432 3662; x_wconf 83' lang='lat' dir='ltr'>to,</span> <span class='ocrx_word' id='word_1_209' title='bbox 453 3594 597 3654; x_wconf 80' lang='lat' dir='ltr'>cohibuisse</span> <span class='ocrx_word' id='word_1_210' title='bbox 617 3593 653 3660; x_wconf 89' lang='lat' dir='ltr'>se,</span> <span class='ocrx_word' id='word_1_211' title='bbox 673 3615 727 3670; x_wconf 93' lang='lat' dir='ltr'>quo</span> <span class='ocrx_word' id='word_1_212' title='bbox 748 3596 878 3662; x_wconf 86' lang='lat' dir='ltr'>minusa¹</span> 
     </span>
    </p>
   </div>
   <div class='ocr_carea' id='block_1_11' title="bbox 341 3673 864 4681">
    <p class='ocr_par' dir='ltr' id='par_1_11' title="bbox 388 3673 864 4344">
     <span class='ocr_line' id='line_1_32' title="bbox 398 3673 864 3749; baseline 0.009 -22"><span class='ocrx_word' id='word_1_213' title='bbox 398 3686 479 3727; x_wconf 90' lang='lat' dir='ltr'>vento</span> <span class='ocrx_word' id='word_1_214' title='bbox 492 3673 689 3749; x_wconf 73' lang='lat' dir='ltr'>impelleretur:</span> <span class='ocrx_word' id='word_1_215' title='bbox 704 3686 734 3728; x_wconf 93' lang='lat' dir='ltr'>ut</span> <span class='ocrx_word' id='word_1_216' title='bbox 746 3677 864 3749; x_wconf 69' lang='lat' dir='ltr'>corfissere</span> 
     </span>
     <span class='ocr_line' id='line_1_33' title="bbox 397 3748 863 3823; baseline 0.013 -20"><span class='ocrx_word' id='word_1_217' title='bbox 397 3748 496 3823; x_wconf 85' lang='lat' dir='ltr'>aliquis</span> <span class='ocrx_word' id='word_1_218' title='bbox 516 3773 534 3803; x_wconf 89' lang='grc' dir='ltr'><em>α</em></span> <span class='ocrx_word' id='word_1_219' title='bbox 546 3754 628 3823; x_wconf 77' lang='lat' dir='ltr'>cursu,</span> <span class='ocrx_word' id='word_1_220' title='bbox 647 3752 713 3806; x_wconf 90' lang='lat' dir='ltr'>dum</span> <span class='ocrx_word' id='word_1_221' title='bbox 727 3749 790 3808; x_wconf 87' lang='lat' dir='ltr'>ststit</span> <span class='ocrx_word' id='word_1_222' title='bbox 803 3772 863 3809; x_wconf 86' lang='lat' dir='ltr'>cur-</span> 
     </span>
     <span class='ocr_line' id='line_1_34' title="bbox 397 3824 862 3899; baseline 0.009 -17"><span class='ocrx_word' id='word_1_223' title='bbox 397 3826 468 3893; x_wconf 86' lang='lat' dir='ltr'>sum,</span> <span class='ocrx_word' id='word_1_224' title='bbox 489 3827 557 3879; x_wconf 70' lang='lat' dir='ltr'>recle</span> <span class='ocrx_word' id='word_1_225' title='bbox 577 3824 635 3882; x_wconf 92' lang='lat' dir='ltr'>dici</span> <span class='ocrx_word' id='word_1_226' title='bbox 653 3827 770 3899; x_wconf 90' lang='lat' dir='ltr'>videtur,</span> <span class='ocrx_word' id='word_1_227' title='bbox 791 3844 821 3887; x_wconf 92' lang='lat' dir='ltr'>ut</span> <span class='ocrx_word' id='word_1_228' title='bbox 833 3828 862 3886; x_wconf 91' lang='lat' dir='ltr'>in</span> 
     </span>
     <span class='ocr_line' id='line_1_35' title="bbox 388 3900 864 3982; baseline -0.023 -21"><span class='ocrx_word' id='word_1_229' title='bbox 388 3904 461 3962; x_wconf 88' lang='lat' dir='ltr'>&#39;loco</span> <span class='ocrx_word' id='word_1_230' title='bbox 485 3901 544 3956; x_wconf 85' lang='lat' dir='ltr'>Ecl.</span> <span class='ocrx_word' id='word_1_231' title='bbox 558 3900 599 3967; x_wconf 88' lang='grc' dir='ltr'>ΙΙ,</span> <span class='ocrx_word' id='word_1_232' title='bbox 621 3924 655 3981; x_wconf 79' lang='lat'>25</span> <span class='ocrx_word' id='word_1_233' title='bbox 679 3906 764 3980; x_wconf 66' lang='lat' dir='ltr'>Qum</span> <span class='ocrx_word' id='word_1_234' title='bbox 782 3906 864 3982; x_wconf 86' lang='lat' dir='ltr'>psaci.</span> 
     </span>
     <span class='ocr_line' id='line_1_36' title="bbox 398 3981 862 4052; baseline 0.013 -16"><span class='ocrx_word' id='word_1_235' title='bbox 398 3984 457 4040; x_wconf 86' lang='lat' dir='ltr'>dum</span> <span class='ocrx_word' id='word_1_236' title='bbox 469 3981 639 4052; x_wconf 79' lang='lat' dir='ltr'>ventisstaret</span> <span class='ocrx_word' id='word_1_237' title='bbox 656 4005 735 4040; x_wconf 83' lang='lat' dir='ltr'>mare.</span> <span class='ocrx_word' id='word_1_238' title='bbox 773 3984 862 4041; x_wconf 78' lang='lat' dir='ltr'>Caete-</span> 
     </span>
     <span class='ocr_line' id='line_1_37' title="bbox 397 4053 862 4132; baseline -0.002 -19"><span class='ocrx_word' id='word_1_239' title='bbox 397 4077 441 4116; x_wconf 87' lang='lat' dir='ltr'>ras</span> <span class='ocrx_word' id='word_1_240' title='bbox 465 4053 710 4132; x_wconf 83' lang='lat' dir='ltr'>interpretationes,</span> <span class='ocrx_word' id='word_1_241' title='bbox 730 4074 760 4117; x_wconf 84' lang='lat' dir='ltr'>ut</span> <span class='ocrx_word' id='word_1_242' title='bbox 784 4078 862 4118; x_wconf 73' lang='lat' dir='ltr'>vento</span> 
     </span>
     <span class='ocr_line' id='line_1_38' title="bbox 395 4137 862 4212; baseline 0.011 -22"><span class='ocrx_word' id='word_1_243' title='bbox 395 4154 447 4212; x_wconf 88' lang='lat' dir='ltr'>pro</span> <span class='ocrx_word' id='word_1_244' title='bbox 472 4137 585 4193; x_wconf 81' lang='lat' dir='ltr'>adventu</span> <span class='ocrx_word' id='word_1_245' title='bbox 608 4145 656 4186; x_wconf 91' lang='lat' dir='ltr'>aut</span> <span class='ocrx_word' id='word_1_246' title='bbox 678 4155 731 4191; x_wconf 86' lang='lat' dir='ltr'>cum</span> <span class='ocrx_word' id='word_1_247' title='bbox 757 4153 862 4196; x_wconf 84' lang='lat' dir='ltr'>ventum</span> 
     </span>
     <span class='ocr_line' id='line_1_39' title="bbox 394 4206 859 4344; baseline 0.006 -77"><span class='ocrx_word' id='word_1_248' title='bbox 394 4216 453 4344; x_wconf 48' lang='lat' dir='ltr'><em>ff</em></span> <span class='ocrx_word' id='word_1_249' title='bbox 463 4212 505 4278; x_wconf 88' lang='lat' dir='ltr'>fit,</span> <span class='ocrx_word' id='word_1_250' title='bbox 525 4209 611 4266; x_wconf 90' lang='lat' dir='ltr'>multo</span> <span class='ocrx_word' id='word_1_251' title='bbox 623 4206 755 4280; x_wconf 84' lang='lat' dir='ltr'>duriores,</span> <span class='ocrx_word' id='word_1_252' title='bbox 776 4234 802 4270; x_wconf 92' lang='lat' dir='ltr'>v.</span> <span class='ocrx_word' id='word_1_253' title='bbox 816 4234 859 4291; x_wconf 85' lang='lat' dir='ltr'>ap.</span> 
     </span>
    </p>

    <p class='ocr_par' dir='ltr' id='par_1_12' title="bbox 341 4285 858 4681">
     <span class='ocr_line' id='line_1_40' title="bbox 421 4285 858 4365; baseline 0.005 -20"><span class='ocrx_word' id='word_1_254' title='bbox 421 4308 490 4345; x_wconf 90' lang='lat' dir='ltr'>urm.</span> <span class='ocrx_word' id='word_1_255' title='bbox 514 4301 541 4343; x_wconf 89' lang='lat' dir='ltr'>et</span> <span class='ocrx_word' id='word_1_256' title='bbox 555 4285 671 4363; x_wconf 90' lang='lat' dir='ltr'>reliquos</span> <span class='ocrx_word' id='word_1_257' title='bbox 683 4285 774 4365; x_wconf 85' lang='lat' dir='ltr'>intpp.</span> <span class='ocrx_word' id='word_1_258' title='bbox 793 4290 858 4348; x_wconf 89' lang='lat' dir='ltr'>Pro-</span> 
     </span>
     <span class='ocr_line' id='line_1_41' title="bbox 394 4362 858 4439; baseline 0.006 -19"><span class='ocrx_word' id='word_1_259' title='bbox 394 4364 534 4439; x_wconf 88' lang='lat' dir='ltr'>posueram</span> <span class='ocrx_word' id='word_1_260' title='bbox 567 4362 596 4419; x_wconf 94' lang='lat' dir='ltr'>in</span> <span class='ocrx_word' id='word_1_261' title='bbox 627 4364 709 4421; x_wconf 85' lang='lat' dir='ltr'>altera</span> <span class='ocrx_word' id='word_1_262' title='bbox 739 4365 858 4423; x_wconf 88' lang='lat' dir='ltr'>editione</span> 
     </span>
     <span class='ocr_line' id='line_1_42' title="bbox 394 4441 857 4515; baseline 0.011 -20"><span class='ocrx_word' id='word_1_263' title='bbox 394 4441 475 4498; x_wconf 90' lang='lat' dir='ltr'>aliam</span> <span class='ocrx_word' id='word_1_264' title='bbox 500 4441 761 4515; x_wconf 80' lang='lat' dir='ltr'>interpretationem:</span> <span class='ocrx_word' id='word_1_265' title='bbox 794 4464 857 4500; x_wconf 93' lang='lat' dir='ltr'>cum</span> 
     </span>
     <span class='ocr_line' id='line_1_43' title="bbox 393 4516 857 4591; baseline 0.015 -19"><span class='ocrx_word' id='word_1_266' title='bbox 393 4532 459 4572; x_wconf 85' lang='lat' dir='ltr'>rotae</span> <span class='ocrx_word' id='word_1_267' title='bbox 471 4516 592 4574; x_wconf 76' lang='lat' dir='ltr'>turbinem</span> <span class='ocrx_word' id='word_1_268' title='bbox 604 4536 635 4573; x_wconf 86' lang='lat' dir='ltr'>ac</span> <span class='ocrx_word' id='word_1_269' title='bbox 647 4529 775 4589; x_wconf 80' lang='lat' dir='ltr'>vorticem,</span> <span class='ocrx_word' id='word_1_270' title='bbox 787 4520 857 4591; x_wconf 75' lang='lat' dir='ltr'>istm,</span> 
     </span>
     <span class='ocr_line' id='line_1_44' title="bbox 341 4592 856 4681; baseline 0.023 -32"><span class='ocrx_word' id='word_1_271' title='bbox 341 4642 349 4649; x_wconf 95' lang='lat'>.</span> <span class='ocrx_word' id='word_1_272' title='bbox 392 4592 479 4652; x_wconf 83' lang='lat' dir='ltr'>tribui</span> <span class='ocrx_word' id='word_1_273' title='bbox 490 4593 582 4674; x_wconf 81' lang='lat' dir='ltr'>pasfim</span> <span class='ocrx_word' id='word_1_274' title='bbox 596 4594 746 4667; x_wconf 82' lang='lat' dir='ltr'>videamus,</span> <span class='ocrx_word' id='word_1_275' title='bbox 764 4612 794 4659; x_wconf 83' lang='lat' dir='ltr'>ut</span> <span class='ocrx_word' id='word_1_276' title='bbox 806 4599 856 4681; x_wconf 89' lang='lat' dir='ltr'>ipsi</span> 
     </span>
    </p>
   </div>
   <div class='ocr_carea' id='block_1_12' title="bbox 911 2742 1390 4744">
    <p class='ocr_par' dir='ltr' id='par_1_13' title="bbox 911 2742 1390 4744">
     <span class='ocr_line' id='line_1_45' title="bbox 921 2742 1388 2821; baseline 0.011 -23"><span class='ocrx_word' id='word_1_277' title='bbox 921 2742 957 2799; x_wconf 87' lang='lat' dir='ltr'>fin</span> <span class='ocrx_word' id='word_1_278' title='bbox 978 2743 989 2799; x_wconf 93' lang='lat' dir='ltr'>i</span> <span class='ocrx_word' id='word_1_279' title='bbox 1005 2743 1092 2800; x_wconf 83' lang='lat' dir='ltr'>caussa</span> <span class='ocrx_word' id='word_1_280' title='bbox 1104 2742 1204 2821; x_wconf 87' lang='lat' dir='ltr'>aliqua,</span> <span class='ocrx_word' id='word_1_281' title='bbox 1224 2763 1274 2802; x_wconf 89' lang='lat' dir='ltr'>cur</span> <span class='ocrx_word' id='word_1_282' title='bbox 1286 2759 1347 2804; x_wconf 90' lang='lat' dir='ltr'>rota</span> <span class='ocrx_word' id='word_1_283' title='bbox 1358 2746 1388 2803; x_wconf 90' lang='lat' dir='ltr'>in</span> 
     </span>
     <span class='ocr_line' id='line_1_46' title="bbox 920 2764 1389 2898; baseline 0.011 -23"><span class='ocrx_word' id='word_1_284' title='bbox 920 2764 1058 2878; x_wconf 71' lang='lat' dir='ltr'>turirinem</span> <span class='ocrx_word' id='word_1_285' title='bbox 1079 2818 1328 2898; x_wconf 79' lang='lat' dir='ltr'>circumageretur3</span> <span class='ocrx_word' id='word_1_286' title='bbox 1348 2836 1389 2880; x_wconf 83' lang='lat' dir='ltr'>at-</span> 
     </span>
     <span class='ocr_line' id='line_1_47' title="bbox 920 2896 1384 2976; baseline 0.013 -24"><span class='ocrx_word' id='word_1_287' title='bbox 920 2896 968 2971; x_wconf 77' lang='lat' dir='ltr'>qui</span> <span class='ocrx_word' id='word_1_288' title='bbox 988 2898 1153 2974; x_wconf 81' lang='lat' dir='ltr'>quaecaussa</span> <span class='ocrx_word' id='word_1_289' title='bbox 1172 2900 1261 2976; x_wconf 82' lang='lat' dir='ltr'>magis</span> <span class='ocrx_word' id='word_1_290' title='bbox 1273 2899 1384 2969; x_wconf 77' lang='lat' dir='ltr'>idonea,</span> 
     </span>
     <span class='ocr_line' id='line_1_48' title="bbox 921 2976 1387 3051; baseline 0.011 -21"><span class='ocrx_word' id='word_1_291' title='bbox 921 2994 1001 3049; x_wconf 89' lang='lat' dir='ltr'>quam</span> <span class='ocrx_word' id='word_1_292' title='bbox 1033 2976 1152 3051; x_wconf 89' lang='lat' dir='ltr'>processa</span> <span class='ocrx_word' id='word_1_293' title='bbox 1178 2990 1206 3034; x_wconf 90' lang='lat' dir='ltr'>et</span> <span class='ocrx_word' id='word_1_294' title='bbox 1237 2976 1387 3035; x_wconf 70' lang='lat' dir='ltr'>vorticosus</span> 
     </span>
     <span class='ocr_line' id='line_1_49' title="bbox 920 3051 1386 3113; baseline 0.013 -7"><span class='ocrx_word' id='word_1_295' title='bbox 920 3054 1030 3108; x_wconf 82' lang='lat' dir='ltr'>ventus!</span> <span class='ocrx_word' id='word_1_296' title='bbox 1051 3052 1117 3110; x_wconf 91' lang='lat' dir='ltr'>Non</span> <span class='ocrx_word' id='word_1_297' title='bbox 1129 3051 1203 3109; x_wconf 84' lang='lat' dir='ltr'>enim</span> <span class='ocrx_word' id='word_1_298' title='bbox 1217 3054 1281 3111; x_wconf 85' lang='lat' dir='ltr'>satis</span> <span class='ocrx_word' id='word_1_299' title='bbox 1293 3055 1329 3112; x_wconf 85' lang='lat' dir='ltr'>est</span> <span class='ocrx_word' id='word_1_300' title='bbox 1346 3059 1386 3113; x_wconf 69' lang='grc' dir='ltr'>ὅτι</span> 
     </span>
     <span class='ocr_line' id='line_1_50' title="bbox 915 3123 1387 3207; baseline 0.015 -24"><span class='ocrx_word' id='word_1_301' title='bbox 915 3123 933 3182; x_wconf 47' lang='grc' dir='ltr'>’ὃ</span> <span class='ocrx_word' id='word_1_302' title='bbox 945 3131 1081 3187; x_wconf 73' lang='grc' dir='ltr'><strong><em>Ζέῦς-τόν</em></strong></span> <span class='ocrx_word' id='word_1_303' title='bbox 1091 3135 1182 3207; x_wconf 75' lang='grc' dir='ltr'><strong><em>τξοχόν</em></strong></span> <span class='ocrx_word' id='word_1_304' title='bbox 1193 3132 1324 3193; x_wconf 76' lang='lat' dir='ltr'>cirtismror</span> <span class='ocrx_word' id='word_1_305' title='bbox 1339 3160 1387 3191; x_wconf 78' lang='grc' dir='ltr'>κα-</span> 
     </span>
     <span class='ocr_line' id='line_1_51' title="bbox 921 3208 1387 3287; baseline 0.019 -26"><span class='ocrx_word' id='word_1_306' title='bbox 921 3209 1067 3275; x_wconf 77' lang='grc' dir='ltr'>τεσκεύασε,</span> <span class='ocrx_word' id='word_1_307' title='bbox 1099 3208 1173 3283; x_wconf 86' lang='lat' dir='ltr'>quod</span> <span class='ocrx_word' id='word_1_308' title='bbox 1205 3228 1251 3287; x_wconf 81' lang='lat' dir='ltr'>ap.</span> <span class='ocrx_word' id='word_1_309' title='bbox 1292 3211 1387 3272; x_wconf 73' lang='lat' dir='ltr'>schol·</span> 
     </span>
     <span class='ocr_line' id='line_1_52' title="bbox 921 3281 1387 3347; baseline 0.024 -10"><span class='ocrx_word' id='word_1_310' title='bbox 921 3281 1001 3342; x_wconf 89' lang='lat' dir='ltr'>Pind.</span> <span class='ocrx_word' id='word_1_311' title='bbox 1016 3286 1035 3342; x_wconf 94' lang='lat' dir='ltr'>l.</span> <span class='ocrx_word' id='word_1_312' title='bbox 1048 3305 1074 3342; x_wconf 89' lang='lat' dir='ltr'>c.</span> <span class='ocrx_word' id='word_1_313' title='bbox 1088 3284 1210 3345; x_wconf 86' lang='lat' dir='ltr'>habetur.</span> <span class='ocrx_word' id='word_1_314' title='bbox 1224 3314 1228 3320; x_wconf 88' lang='lat'>·</span> <span class='ocrx_word' id='word_1_315' title='bbox 1250 3286 1387 3347; x_wconf 86' lang='lat' dir='ltr'>Caeterum</span> 
     </span>
     <span class='ocr_line' id='line_1_53' title="bbox 919 3360 1386 3437; baseline 0.015 -20"><span class='ocrx_word' id='word_1_316' title='bbox 919 3378 953 3417; x_wconf 82' lang='lat' dir='ltr'>ex</span> <span class='ocrx_word' id='word_1_317' title='bbox 966 3360 1011 3428; x_wconf 79' lang='lat' dir='ltr'>iis,</span> <span class='ocrx_word' id='word_1_318' title='bbox 1032 3382 1092 3437; x_wconf 87' lang='lat' dir='ltr'>quae</span> <span class='ocrx_word' id='word_1_319' title='bbox 1104 3362 1195 3420; x_wconf 91' lang='lat' dir='ltr'>Schol.</span> <span class='ocrx_word' id='word_1_320' title='bbox 1221 3362 1333 3424; x_wconf 88' lang='lat' dir='ltr'>Pindari</span> <span class='ocrx_word' id='word_1_321' title='bbox 1352 3366 1386 3425; x_wconf 87' lang='lat' dir='ltr'>P.</span> 
     </span>
     <span class='ocr_line' id='line_1_54' title="bbox 920 3438 1388 3516; baseline 0.015 -19"><span class='ocrx_word' id='word_1_322' title='bbox 920 3458 950 3505; x_wconf 82' lang='lat'>2,</span> <span class='ocrx_word' id='word_1_323' title='bbox 977 3458 1016 3512; x_wconf 82' lang='lat'>40</span> <span class='ocrx_word' id='word_1_324' title='bbox 1039 3458 1074 3495; x_wconf 87' lang='lat' dir='ltr'>ex</span> <span class='ocrx_word' id='word_1_325' title='bbox 1096 3438 1258 3516; x_wconf 83' lang='lat' dir='ltr'>Asclepiade</span> <span class='ocrx_word' id='word_1_326' title='bbox 1289 3448 1313 3501; x_wconf 65' lang='lat' dir='ltr'>in</span> <span class='ocrx_word' id='word_1_327' title='bbox 1327 3450 1388 3503; x_wconf 75' lang='grc' dir='ltr'><strong><em>,τοῖς</em></strong></span> 
     </span>
     <span class='ocr_line' id='line_1_55' title="bbox 919 3515 1386 3598; baseline 0.013 -26"><span class='ocrx_word' id='word_1_328' title='bbox 919 3515 1110 3594; x_wconf 68' lang='grc' dir='ltr'>τςαγῳδεμὲνως</span> <span class='ocrx_word' id='word_1_329' title='bbox 1141 3517 1263 3593; x_wconf 80' lang='lat' dir='ltr'>repetiit,</span> <span class='ocrx_word' id='word_1_330' title='bbox 1304 3540 1386 3598; x_wconf 81' lang='lat' dir='ltr'>appa·</span> 
     </span>
     <span class='ocr_line' id='line_1_56' title="bbox 918 3593 1387 3671; baseline 0.013 -21"><span class='ocrx_word' id='word_1_331' title='bbox 918 3594 1075 3671; x_wconf 89' lang='lat' dir='ltr'>ret,·prima</span> <span class='ocrx_word' id='word_1_332' title='bbox 1097 3593 1198 3651; x_wconf 87' lang='lat' dir='ltr'>fabusae</span> <span class='ocrx_word' id='word_1_333' title='bbox 1215 3594 1330 3654; x_wconf 84' lang='lat' dir='ltr'>stamina</span> <span class='ocrx_word' id='word_1_334' title='bbox 1350 3617 1387 3656; x_wconf 81' lang='lat' dir='ltr'>ex</span> 
     </span>
     <span class='ocr_line' id='line_1_57' title="bbox 918 3671 1387 3747; baseline 0.017 -21"><span class='ocrx_word' id='word_1_335' title='bbox 918 3689 952 3727; x_wconf 91' lang='lat' dir='ltr'>eo</span> <span class='ocrx_word' id='word_1_336' title='bbox 974 3671 1055 3729; x_wconf 73' lang='lat' dir='ltr'>duda</span> <span class='ocrx_word' id='word_1_337' title='bbox 1077 3673 1137 3736; x_wconf 84' lang='lat' dir='ltr'>esic,</span> <span class='ocrx_word' id='word_1_338' title='bbox 1156 3671 1231 3747; x_wconf 91' lang='lat' dir='ltr'>quod</span> <span class='ocrx_word' id='word_1_339' title='bbox 1258 3671 1387 3734; x_wconf 87' lang='lat' dir='ltr'>Ixionem</span> 
     </span>
     <span class='ocr_line' id='line_1_58' title="bbox 918 3748 1388 3829; baseline 0.017 -25"><span class='ocrx_word' id='word_1_340' title='bbox 918 3762 993 3805; x_wconf 86' lang='lat' dir='ltr'>vetus</span> <span class='ocrx_word' id='word_1_341' title='bbox 1012 3754 1095 3825; x_wconf 74' lang='lat' dir='ltr'>po&#39;eta</span> <span class='ocrx_word' id='word_1_342' title='bbox 1113 3748 1231 3826; x_wconf 87' lang='lat' dir='ltr'>procella</span> <span class='ocrx_word' id='word_1_343' title='bbox 1242 3748 1388 3829; x_wconf 86' lang='lat' dir='ltr'>abreptum</span> 
     </span>
     <span class='ocr_line' id='line_1_59' title="bbox 917 3825 1387 3903; baseline 0.015 -22"><span class='ocrx_word' id='word_1_344' title='bbox 917 3836 944 3881; x_wconf 91' lang='lat' dir='ltr'>et</span> <span class='ocrx_word' id='word_1_345' title='bbox 966 3825 996 3882; x_wconf 89' lang='lat' dir='ltr'>in</span> <span class='ocrx_word' id='word_1_346' title='bbox 1015 3825 1163 3884; x_wconf 86' lang='lat' dir='ltr'>Tartarum</span> <span class='ocrx_word' id='word_1_347' title='bbox 1183 3825 1387 3903; x_wconf 83' lang='lat' dir='ltr'>praecipitatum</span> 
     </span>
     <span class='ocr_line' id='line_1_60' title="bbox 920 3903 1390 3981; baseline 0.011 -22"><span class='ocrx_word' id='word_1_348' title='bbox 920 3916 1014 3962; x_wconf 90' lang='lat' dir='ltr'>ornate</span> <span class='ocrx_word' id='word_1_349' title='bbox 1035 3903 1157 3962; x_wconf 86' lang='lat' dir='ltr'>dixerat:</span> <span class='ocrx_word' id='word_1_350' title='bbox 1177 3904 1223 3961; x_wconf 70' lang='grc' dir='ltr'>ὑπὸ</span> <span class='ocrx_word' id='word_1_351' title='bbox 1245 3906 1300 3981; x_wconf 61' lang='grc' dir='ltr'>γὰρ</span> <span class='ocrx_word' id='word_1_352' title='bbox 1324 3907 1390 3970; x_wconf 70' lang='lat' dir='ltr'>ism</span> 
     </span>
     <span class='ocr_line' id='line_1_61' title="bbox 916 3980 1390 4060; baseline 0.011 -23"><span class='ocrx_word' id='word_1_353' title='bbox 916 3981 962 4037; x_wconf 73' lang='lat' dir='ltr'>nai</span> <span class='ocrx_word' id='word_1_354' title='bbox 973 3980 1079 4042; x_wconf 61' lang='lat' dir='ltr'>&amp;anaor</span> <span class='ocrx_word' id='word_1_355' title='bbox 1099 3983 1173 4041; x_wconf 64' lang='grc' dir='ltr'>αὐτὸ</span> <span class='ocrx_word' id='word_1_356' title='bbox 1185 3982 1390 4060; x_wconf 57' lang='grc' dir='ltr'>ἐξαρνηθέντι</span> 
     </span>
     <span class='ocr_line' id='line_1_62' title="bbox 916 4058 1133 4136; baseline 0.009 -20"><span class='ocrx_word' id='word_1_357' title='bbox 916 4058 1050 4136; x_wconf 56' lang='grc' dir='ltr'>φθαρῆναι.</span> <span class='ocrx_word' id='word_1_358' title='bbox 1130 4104 1133 4110; x_wconf 93' lang='grc'>-</span> 
     </span>
     <span class='ocr_line' id='line_1_63' title="bbox 923 4135 1389 4216; baseline 0.009 -22"><span class='ocrx_word' id='word_1_359' title='bbox 923 4142 931 4150; x_wconf 89' lang='grc'><strong>’</strong></span> <span class='ocrx_word' id='word_1_360' title='bbox 954 4142 1020 4216; x_wconf 81' lang='lat'><em>485.</em></span> <span class='ocrx_word' id='word_1_361' title='bbox 1032 4136 1138 4195; x_wconf 87' lang='lat' dir='ltr'>Mirum</span> <span class='ocrx_word' id='word_1_362' title='bbox 1151 4135 1181 4195; x_wconf 90' lang='lat' dir='ltr'>in</span> <span class='ocrx_word' id='word_1_363' title='bbox 1200 4138 1272 4215; x_wconf 82' lang='lat' dir='ltr'>seqq.</span> <span class='ocrx_word' id='word_1_364' title='bbox 1291 4156 1389 4199; x_wconf 77' lang='lat' dir='ltr'>narra·</span> 
     </span>
     <span class='ocr_line' id='line_1_64' title="bbox 914 4213 1387 4293; baseline 0.013 -22"><span class='ocrx_word' id='word_1_365' title='bbox 914 4213 997 4271; x_wconf 88' lang='lat' dir='ltr'>tionis</span> <span class='ocrx_word' id='word_1_366' title='bbox 1019 4214 1179 4273; x_wconf 88' lang='lat' dir='ltr'>artificium:</span> <span class='ocrx_word' id='word_1_367' title='bbox 1200 4214 1275 4293; x_wconf 90' lang='lat' dir='ltr'>quod</span> <span class='ocrx_word' id='word_1_368' title='bbox 1297 4216 1387 4277; x_wconf 83' lang='lat' dir='ltr'>facile</span> 
     </span>
     <span class='ocr_line' id='line_1_65' title="bbox 914 4291 1387 4370; baseline 0.011 -24"><span class='ocrx_word' id='word_1_369' title='bbox 914 4291 1022 4356; x_wconf 79' lang='lat' dir='ltr'>sentiat,</span> <span class='ocrx_word' id='word_1_370' title='bbox 1041 4292 1060 4349; x_wconf 85' lang='lat' dir='ltr'><strong>fi</strong></span> <span class='ocrx_word' id='word_1_371' title='bbox 1081 4292 1117 4349; x_wconf 87' lang='lat' dir='ltr'>ad</span> <span class='ocrx_word' id='word_1_372' title='bbox 1127 4293 1264 4370; x_wconf 84' lang='lat' dir='ltr'>vulgarem</span> <span class='ocrx_word' id='word_1_373' title='bbox 1278 4291 1387 4352; x_wconf 87' lang='lat' dir='ltr'>senten-</span> 
     </span>
     <span class='ocr_line' id='line_1_66' title="bbox 913 4367 1388 4442; baseline 0.013 -19"><span class='ocrx_word' id='word_1_374' title='bbox 913 4367 1012 4426; x_wconf 87' lang='lat' dir='ltr'>tiarum</span> <span class='ocrx_word' id='word_1_375' title='bbox 1026 4368 1180 4442; x_wconf 71' lang='lat' dir='ltr'>junsturam</span> <span class='ocrx_word' id='word_1_376' title='bbox 1202 4389 1310 4428; x_wconf 85' lang='lat' dir='ltr'>revoces</span> <span class='ocrx_word' id='word_1_377' title='bbox 1322 4389 1388 4429; x_wconf 75' lang='lat' dir='ltr'>ora-</span> 
     </span>
     <span class='ocr_line' id='line_1_67' title="bbox 912 4442 1388 4522; baseline 0.011 -23"><span class='ocrx_word' id='word_1_378' title='bbox 912 4442 1026 4502; x_wconf 83' lang='lat' dir='ltr'>tionem.</span> <span class='ocrx_word' id='word_1_379' title='bbox 1064 4444 1147 4522; x_wconf 82' lang='lat' dir='ltr'>legis</span> <span class='ocrx_word' id='word_1_380' title='bbox 1157 4460 1259 4517; x_wconf 84' lang='lat' dir='ltr'>autern,</span> <span class='ocrx_word' id='word_1_381' title='bbox 1278 4467 1314 4504; x_wconf 90' lang='lat' dir='ltr'>ne</span> <span class='ocrx_word' id='word_1_382' title='bbox 1331 4448 1388 4506; x_wconf 83' lang='lat' dir='ltr'>res·</span> 
     </span>
     <span class='ocr_line' id='line_1_68' title="bbox 911 4519 1387 4599; baseline 0.019 -23"><span class='ocrx_word' id='word_1_383' title='bbox 911 4519 1025 4598; x_wconf 86' lang='lat' dir='ltr'>piceret,</span> <span class='ocrx_word' id='word_1_384' title='bbox 1037 4522 1227 4599; x_wconf 72' lang='lat' dir='ltr'>excogitandae</span> <span class='ocrx_word' id='word_1_385' title='bbox 1238 4525 1387 4585; x_wconf 86' lang='lat' dir='ltr'>constsium</span> 
     </span>
     <span class='ocr_line' id='line_1_69' title="bbox 911 4598 1386 4681; baseline 0.004 -23"><span class='ocrx_word' id='word_1_386' title='bbox 911 4616 947 4658; x_wconf 84' lang='lat' dir='ltr'>ex</span> <span class='ocrx_word' id='word_1_387' title='bbox 964 4598 1072 4681; x_wconf 83' lang='lat' dir='ltr'>vulgari</span> <span class='ocrx_word' id='word_1_388' title='bbox 1089 4600 1276 4679; x_wconf 76' lang='lat' dir='ltr'>superstitione</span> <span class='ocrx_word' id='word_1_389' title='bbox 1286 4602 1386 4662; x_wconf 65' lang='lat' dir='ltr'>sobna,</span> 
     </span>
     <span class='ocr_line' id='line_1_70' title="bbox 1180 4697 1389 4744; baseline 0.019 -4"><span class='ocrx_word' id='word_1_390' title='bbox 1180 4721 1185 4728; x_wconf 95' lang='lat'>-</span> <span class='ocrx_word' id='word_1_391' title='bbox 1324 4697 1389 4744; x_wconf 71' lang='lat' dir='ltr'>lum</span> 
     </span>
    </p>
   </div>
   <div class='ocr_carea' id='block_1_13' title="bbox 0 0 1792 5509">
    <p class='ocr_par' dir='ltr' id='par_1_14' title="bbox 0 0 1792 5509">
     <span class='ocr_line' id='line_1_71' title="bbox 0 0 1792 5509; baseline 0 4"><span class='ocrx_word' id='word_1_392' title='bbox 0 0 1792 5509; x_wconf 95' lang='lat' dir='ltr'> </span> 
     </span>
    </p>
   </div>
  </div>
 </body>
</html>
