3575 5509
304 744 306 747 ψ
401 700 427 775 ι’
638 728 642 738 ·
674 677 757 765 DE
804 682 1098 767 VIRGILII

404 920 513 994 equa
533 892 628 968 furto
646 908 707 964 aut
725 888 796 961 alio
816 886 896 961 casu
918 886 1095 985 surreptus
1117 887 1156 963 in
1177 887 1387 980 Mediceam

404 1019 577 1118 pervenit.
1351 1101 1353 1105 ,

453 1139 621 1237 Exprella
631 1137 710 1237 jam
725 1135 864 1209 dudum
880 1160 924 1209 ex
940 1136 1009 1209 hoc
1032 1138 1156 1213 codice
1177 1158 1253 1215 erat
1273 1142 1406 1228 editio,

404 1261 521 1337 Paulli
539 1262 696 1336 Manutii
716 1267 820 1356 1583.
870 1259 999 1358 Nuper
1013 1262 1058 1334 ad
1081 1263 1231 1338 eandem
1256 1268 1384 1343 excusa

404 1388 516 1461 fertur
542 1385 653 1458 editio
678 1384 936 1480 Ambrogiana.
989 1384 1159 1459 Heinsius
1192 1388 1385 1487 diligenter

282 1520 285 1527 '
405 1535 489 1590 eum
508 1508 694 1582 Florentiae
706 1506 916 1616 evolverat..
949 1506 1145 1582 Varietatem
1165 1512 1385 1608 leltbnircrr.

319 1659 328 1671 ‘
404 1652 567 1731 cerptam
592 1633 671 1733 jam
706 1633 793 1730 1565
832 1633 1038 1732 vulgaverat
1069 1634 1202 1708 Brixiae
1243 1637 1384 1712 Paullus

404 1757 597 1835 Gabianus.
1141 1777 1144 1787 ·
1358 1756 1360 1758 ’

410 1906 414 1914 ’
453 1884 618 1959 Alterum
639 1885 806 1958 volumen
824 1881 1019 1980 Fogginius
1040 1881 1250 1980 promiserat
1269 1885 1384 1980 priori

404 2011 457 2083 illi
474 2010 749 2109 subjiciendum,
775 2010 812 2080 in
837 2028 910 2104 quo
935 2006 1119 2079 historiam
1134 2007 1270 2080 codicis
1287 2009 1382 2080 ulte-

402 2138 476 2209 rius
500 2136 771 2235 persequuturus
792 2131 896 2216 effet;
921 2130 1048 2229 inquo
1070 2153 1152 2225 quae
1173 2130 1284 2205 modo
1310 2128 1384 2203 dis-

403 2276 527 2354 putata
547 2258 637 2344 sunt,
660 2254 858 2329 accuratius
879 2254 972 2328 forte
995 2271 1034 2326 ct
1056 2253 1232 2355 copiosius
1255 2252 1384 2346 tradita

402 2380 557 2454 fuissent.

412 2647 415 2654 ·
525 2604 596 2700 10.
623 2603 779 2679 PIERH
805 2601 1091 2679 vammum
1119 2545 1275 2680 cono.
1307 2698 1312 2704 ‚

454 2767 588 2839 Praeter
613 2765 800 2840 Vaticanum
822 2767 987 2843 codicem
1007 2770 1109 2867 supra
1130 2749 1382 2858 memoratum,

402 2916 510 2991 quem
530 2892 703 2965 Romanum
720 2875 886 2990 appellat,
902 2920 922 2967 a
941 2896 1055 2973 Pierio
1071 2896 1199 2969 excuffi
1214 2893 1314 2967 sunt:

452 3016 552 3090 Codex
580 3017 747 3112 Oblongus,
772 3011 855 3112 quo'
870 3020 1019 3115 quidem
1046 3021 1191 3092 nomine
1216 3042 1238 3091 a
1264 3016 1381 3091 forma

402 3138 593 3215 voluminis
618 3138 726 3235 dudio
753 3140 900 3237 abipso
929 3142 1044 3216 Pierio
1070 3144 1284 3240 defignatur‚
1307 3142 1381 3214 mi-

401 3266 547 3336 noribus
573 3254 699 3334 litteris
716 3282 874 3338 exaratus
895 3285 930 3339 et
951 3269 1024 3366 ipse
1050 3268 1247 3342 admodum
1265 3285 1381 3353 veura,

400 3386 517 3459 Pierio
526 3384 664 3483 judice.
715 3388 881 3483 Pomponii
901 3390 992 3463 Laea'
1013 3389 1156 3462 delicias
1181 3413 1266 3485 cum
1287 3388 1380 3462 olim

398 3505 511 3603 fuiffe,
535 3503 633 3576 idem
646 3505 779 3586 Pierius
792 3528 967 3583 memorat
979 3513 1023 3584 ad
1037 3511 1121 3584 AEn.
1139 3511 1183 3599 V,
1199 3532 1276 3606 143·
1317 3508 1378 3599 ⁷X,

235 3686 237 3693 .
317 3695 318 3700 ,
401 3630 482 3699 186.
516 3650 600 3723 345.
634 3628 768 3727 Georg.
797 3632 862 3720 IV,
887 3636 969 3727 368,
994 3635 1104 3730 fitque
1128 3632 1220 3704 mihi
1246 3630 1379 3727 proba-

398 3749 484 3836 bile,
497 3749 596 3822 fuiffe
612 3753 779 3842 eundum,
790 3779 900 3850 quem
917 3755 1115 3853 Episcopus
1133 3749 1322 3825 Aleriensrs
1338 3749 1379 3822 in

328 3882 330 3885 ⁴
396 3870 469 3946 Ed.
495 3874 660 3971 principe
685 3877 793 3951 altera
817 3879 1037 3953 emendanda
1067 3875 1276 3949 adhibuerat
1287 3895 1302 3946 ε·
1330 3870 1377 3944 de

397 4122 513 4190 cimeliis
524 4124 621 4184 domus
632 4124 667 4186 de
679 4126 779 4189 Monte
794 4131 839 4207 (do
861 4150 916 4210 quo
935 4124 1061 4191 dubitare
1082 4128 1167 4200 licet3
1186 4144 1203 4186 ²
1224 4118 1378 4203 l'issddl'lw

396 4213 523 4291 Carpensr
543 4215 657 4275 adeam
676 4234 784 4297 gentem
804 4222 935 4299 perlatum
954 4242 1018 4280 eum
1046 4222 1096 4279 effe
1119 4216 1288 4298 probabilius
1312 4215 1376 4289 fitil

389 4300 483 4381 Julius
494 4300 538 4360 ΠΙ
549 4324 583 4361 ex
594 4323 626 4363 ea
637 4300 719 4385 gente
732 4303 861 4369 oriundus
874 4310 999 4370 codicem
1018 4312 1093 4370 dono
1106 4290 1377 4376 dederaticardinali

395 4379 555 4537 {nnsocentio
574 4392 610 4454 de
632 4393 743 4466 Monte,
768 4416 784 4456 a
806 4418 861 4478 quo
884 4390 957 4480 1568
980 4400 1099 4462 muneris
1116 4392 1179 4461 loco
1198 4386 1379 4477 pervenitad

424 4496 540 4543 omum.

1307 4608 1382 4685 quil
