3575 5509
395 734 462 789 mv
668 700 751 777 DE
798 695 1088 789 VIRGILII

395 913 509 988 colica
525 905 746 1003 complexus,
770 924 856 974 cum
880 900 986 988 notis,
1009 898 1073 995 qui
1096 897 1256 995 primum
1269 900 1376 977 ⁴Bern.

395 1036 519 1121 Bembi,
547 1026 684 1103 ‘deinde
705 1028 747 1100 P.
762 1026 877 1100 Bembi
892 1021 1101 1109 cardinalis,
1138 1022 1263 1109 fuerat,
1287 1011 1379 1098 alter

396 1162 508 1235 libros
534 1154 703 1231 AEneidos
735 1153 934 1237 continens,
970 1147 1097 1226 itidem
1133 1171 1218 1221 cum
1247 1148 1378 1245 gloffis,

374 1331 376 1334 ·
396 1289 461 1386 qui
475 1315 496 1361 a
508 1287 648 1380 Modesto
661 1284 837 1367 Polemone,
850 1276 1009 1352 Sicconis
1023 1276 1049 1348 s.
1068 1274 1112 1347 ad
1135 1275 1176 1348 P.
1200 1275 1381 1347 Bembum

400 1412 507 1487 Card.
525 1422 747 1506 pervenerat;
763 1427 914 1500 quoium
928 1406 1074 1497 uterque
1084 1398 1130 1470 ad
1142 1397 1245 1470 Laur.
1259 1396 1382 1493 Pigno-

304 1545 307 1551 ’
399 1537 494 1621 rium,
519 1550 553 1603 et
570 1555 612 1602 ex
628 1522 929 1627 ejus'testamento
945 1524 999 1597 ad·
1014 1522 1253 1596 Dominicum
1278 1520 1382 1591 Moli-

398 1680 483 1742 num,
508 1654 712 1725 Senatorem
729 1652 919 1738 Venetum,
944 1646 1138 1721 transierat.
1171 1670 1206 1718 v,
1227 1642 1383 1719 Tomas·
1445 1671 1447 1674 ·

243 1780 248 1794 '
401 1777 520 1853 tinum
535 1777 689 1851 Biblioth.
709 1776 833 1850 Patav.
851 1801 936 1874 pag.
956 1781 973 1846 8
978 1793 1020 1869 5«

739 1935 1032 2034 uem-u

445 2135 557 2219 'Codex
574 2144 751 2216 coluimus
768 2140 885 2213 Fulvii
909 2138 1042 2227 Urfini,
1065 2139 1127 2235 qui
1144 2138 1233 2210 olim
1250 2134 1383 2232 Angeli

406 2267 542 2339 Colotii
559 2268 681 2353 fuerat,
697 2287 874 2359 quemque
891 2263 1020 2351 Urstnus
1034 2261 1264 2335 bibliothecae
1282 2265 1385 2340 Vati.
1411 2365 1413 2371 Α

404 2379 504 2460 ἑαηω
522 2386 652 2471 intulit,
670 2386 732 2457 ubi
748 2408 842 2456 nunc
860 2407 960 2454 num.
980 2407 995 2453 1
1004 2402 1047 2475 57
1052 2401 1069 2474 5
1090 2381 1257 2457 servatur.
1293 2386 1386 2462 Vide

405 2506 451 2578 de
475 2531 517 2577 eo
536 2507 654 2579 Urfin.
671 2506 715 2578 ad
732 2506 812 2579 Ecl.
835 2503 938 2591 VIII,
955 2531 1004 2595 44
1019 2519 1055 2574 et
1074 2502 1220 2578 Bottarii
1245 2508 1388 2603 praefat.

346 2648 355 2666 ⁴
404 2629 451 2705 ad
470 2629 499 2701 F
499 2654 613 2729 ragm.
628 2630 742 2705 Va'tic.
758 2657 796 2728 p.
812 2631 880 2703 XI.
894 2627 1112 2702 Varietatem
1138 2655 1238 2706 exeo
1259 2633 1387 2730 paffim

406 2755 544 2844 notavit
562 2755 709 2829 Urfinus
723 2755 761 2827 in
775 2755 909 2852 Virgilio
921 2755 1026 2827 collat.
1040 2757 1161 2852 Script.
1176 2756 1281 2831 Graec.
1295 2760 1388 2854 illus.

406 2891 504 2951 irato.
556 2881 739 2955 Consentit
753 2881 791 2954 in
808 2883 932 2955 multis
948 2907 1034 2956 cum
1050 2882 1234 2973 Mediceo,
1252 2885 1335 2959 vide
1349 2911 1387 2962 u.

250 3070 254 3081 .
406 3026 441 3077 c.
467 3003 535 3080 Ge.
556 3006 624 3098 III,
652 3031 693 3103 23
701 3030 732 3105 5.
757 3010 837 3103 236.
890 3007 1135 3081 Pervetustum
1157 3032 1239 3081 eum
1261 3011 1388 3108 appel.

401 3126 504 3206 'labat
521 3134 689 3221 Urfinus;
709 3137 746 3207 in
768 3136 838 3208 fine
863 3152 983 3207 tamen
1008 3134 1089 3206 saec.
1116 3133 1193 3207 XII
1215 3132 1388 3232 scriptum
1438 3141 1450 3221 f

407 3256 526 3327 censet
544 3258 731 3331 Bottarius.
880 3325 883 3330 ⁴
1221 3269 1225 3276 '

418 3436 419 3440 η
454 3378 624 3452 Habebat
644 3381 772 3469 Urstnus
786 3398 960 3479 praeterea
977 3381 1050 3453 duo
1080 3382 1188 3457 libros
1220 3388 1403 3463 emenda·-

408 3502 566 3592 tiffimos,
583 3508 627 3579 de
644 3507 773 3604 quibus
787 3509 831 3581 ad
846 3506 1031 3597 Ecl.VIII‚
1045 3484 1303 3601 I4memorat3
1320 3514 1390 3589 sci-

408 3625 494 3699 licet
512 3628 684 3702 Codicem
700 3632 820 3703 litteris
838 3631 1081 3727 Langobardicis
1096 3610 1272 3725 cummium,
1296 3637 1338 3711 h.
1354 3662 1394 3711 ef

410 3764 452 3820 ut
472 3748 640 3846 suspicor,
677 3754 802 3827 litteris
820 3753 1027 3826 minusculis
1045 3757 1169 3853 passim
1192 3762 1388 3850 admixtis;

409 3872 518 3944 talem
536 3879 632 3949 enim
649 3878 859 3976 scripturam
876 3879 938 3952 illo
956 3896 1118 3976 tempore
1141 3886 1191 3957 ita
1210 3887 1389 3984 appellare

408 3992 568 4071 solebant
578 4037 588 4084 ;
607 4019 685 4075 tum
703 4004 878 4080 Codicem
894 4003 1174 4096 vetustiffimum,
1197 4010 1261 4106 qui
1274 4008 1389 4088 fuerat

369 4151 372 4156 ¹
409 4124 719 4223 francspuuupu.
1214 4113 1215 4116 ‘

462 4454 562 4529 Codex
577 4455 720 4560 Barthii.
755 4456 896 4530 Habuit
910 4459 968 4531 vir
982 4459 1198 4534 dostiffimus
1219 4477 1288 4547 tres
1305 4459 1393 4533 Vir.

410 4582 492 4683 gilii
507 4583 661 4675 codices,
684 4584 778 4663 inter
802 4607 891 4683 quos
909 4608 1023 4661 unum
1038 4585 1321 4680 vetustiffimum,
1351 4560 1393 4657 iu

516 4698 517 4702 ’
917 4713 920 4720 ’
1273 4691 1392 4809 'cujus
1421 4732 1423 4736 ’
