3575 5509
424 691 427 696 ,
480 643 621 717 atain
699 605 1194 748 ἡΤΕἐ’ΤΙΜῡΜᾸῙ

469 845 524 919 Ut
541 845 628 917 solet
641 844 677 915 in
695 842 826 915 somnis·
844 845 996 932 animus,
1012 864 1160 919 ventura
1173 849 1362 947 ielingcnl,¹
1501 827 1504 838 Ι

468 967 608 1042 Anxius
626 985 671 1052 er,
690 965 792 1061 vigili
810 966 1026 1062 praesumere
1039 969 1280 1067 gaudiacum,
1403 953 1448 1070 il

378 1079 384 1088 “
466 1091 616 1165 Phoebei
634 1091 788 1163 nemoris
804 1113 946 1162 ramum
965 1092 1090 1166 fudisse
1101 1097 1255 1190 putavit

465 1217 502 1289 Ο
519 1218 623 1313 sopor
639 1216 816 1287 indicium
832 1216 924 1286 veri!
951 1218 1002 1289 nil
1019 1220 1148 1292 certius
1163 1245 1336 1316 umquam

371 1437 379 1445 ί
466 1345 604 1419 Cornea
619 1363 722 1441 porta
739 1345 833 1416 tulit.
884 1343 990 1416 Facta
1007 1347 1067 1433 est,
1091 1348 1285 1443 interprete
1301 1347 1412 1441 lauro,

466 1470 574 1542 Certa
588 1478 727 1565 patens,
750 1469 937 1565 onerisque
953 1468 1004 1540 sui
1017 1488 1233 1566 cognoverat
1248 1490 1373 1547 artem.

464 1592 619 1665 Consule
637 1587 810 1689 Pompeio
826 1592 992 1665 vitalibus
1010 1593 1124 1663 editus
1140 1589 1244 1681 aluric,
1395 1607 1446 1669 20·

459 1713 510 1785 Et
527 1714 657 1803 Crasso,
681 1715 802 1811 tetigit
817 1722 969 1796 terram3
997 1739 1069 1810 quo
1086 1732 1249 1811 tempore
1267 1716 1395 1789 Chelas

460 1837 544 1931 Jam
560 1838 658 1907 mitis
676 1836 860 1908 Phaethon
878 1838 957 1932 post
974 1835 1132 1933 Virginis
1147 1853 1208 1909 ora
1223 1837 1396 1935 receptus.

459 1962 638 2034 Infantem
654 1960 784 2057 vagisse
800 1978 943 2057 neganti
993 1960 1089 2031 Nam
1107 1962 1222 2033 fronte
1236 1962 1352 2039 serena

457 2086 652 2180 Conspexit
668 2082 857 2169 mundum,
880 2083 939 2154 cui
954 2083 1145 2155 commoda
1162 2102 1259 2156 tanta
1275 2082 1420 2155 ferebat.

456 2205 536 2301 lpse
550 2204 745 2304 puerperiis
761 2202 880 2273 adrisit
895 2202 1011 2274 laetior
1023 2202 1137 2274 orbis:
1391 2206 1435 2295 29³
1525 2285 1530 2302 ἱ

458 2332 569 2405 Terra
583 2330 793 2401 ministravit
808 2328 928 2410 liores3
943 2345 990 2400 et
1006 2353 1151 2399 munere
1169 2330 1280 2400 verno

455 2449 813 2545 Herbidasupposuit
828 2474 940 2545 puero
957 2450 1129 2522 fulmenta
1146 2451 1330 2521 virescens:

452 2577 640 2660 Praeterea,
660 2572 685 2641 si
704 2596 784 2643 vera
801 2572 901 2656 fidet,
927 2572 985 2643 sed
998 2598 1080 2644 vera
1095 2572 1280 2667 probatum

451 2703 542 2775 Lata
558 2699 684 2771 cohors
700 2698 823 2793 apium
840 2696 956 2768 subito
972 2722 1038 2793 pet
1054 2722 1134 2769 rura
1144 2696 1297 2793 jacentis
1348 2732 1350 2735 ·
1442 2773 1445 2780 ⁴

449 2824 568 2896 Labra
585 2822 674 2894 favis
691 2821 779 2893 texit
795 2821 915 2893 dulces
934 2820 1049 2892 fusura
1067 2820 1233 2915 loquelas.
1382 2829 1435 2915 30'

449 2948 535 3021 Hoc
552 2949 734 3045 quondam
753 2949 790 3018 in
805 2947 901 3018 sacro
919 2965 1057 3019 tantum
1076 2944 1201 3015 mirata
1219 2944 1368 3017 Platone

445 3073 627 3147 Indicium
645 3071 779 3167 linguae'
797 3082 969 3143 memorat
986 3069 1118 3141 famosa
1135 3070 1295 3141 vetustas.

445 3198 513 3268 Sed
532 3215 653 3266 natura
669 3218 806 3289 parens,
830 3219 1022 3289 properans
1037 3194 1204 3265 extollere
1220 3192 1392 3281 Romam,·

443 3318 494 3392 Et
512 3319 597 3389 latio
613 3317 712 3387 dedit
730 3316 810 3402 hoc,
835 3315 981 3411 nequid
998 3315 1208 3387 concederet
1223 3316 1298 3387 uni.

442 3442 591 3538 Insuper
608 3444 674 3529 his,
698 3443 849 3537 genitor,
874 3442 947 3511 nati
964 3442 1051 3512 dum
1070 3442 1140 3512 fata
1157 3439 1317 3537 requirit,
1375 3463 1427 3539 35:

441 3564 637 3660 Populeam
656 3565 759 3634 sterili
777 3566 917 3660 virgam
935 3564 1117 3636 mandavit
1133 3590 1274 3638 arenaea

440 3690 621 3783 Tempore
638 3666 719 3782 quae
735 3688 867 3757 nutrita
886 3689 996 3774 brevi,
1013 3689 1100 3760 dum
1115 3689 1251 3775 erescit,
1267 3690 1424 3761 inomne'

438 3813 559 3884 Altior
575 3810 724 3881 emicuit
739 3810 887 3896 cundlis,
912 3834 999 3905 quas
1015 3829 1158 3881 auxerat
1175 3828 1273 3880 aetas.

437 3933 534 4007 Haec
553 3950 697 4030 propter
712 3932 847 4028 placuit
863 3956 1017 4027 puerum
1034 3933 1260 4004 committere
1278 3929 1403 4016 Mufis,

436 4060 487 4132 Et
505 4056 695 4128 monstrare
711 4056 807 4125 viam
824 4073 982 4125 venturae
1000 4056 1036 4125 in
1052 4054 1180 4125 saecula
1198 4053 1316 4124 lamae.
1370 4059 1427 4141 40²

436 4184 534 4256 Turn
553 4179 692 4251 Ballista
709 4179 834 4249 rudem
850 4179 971 4275 lingua
986 4179 1162 4249 titubante
1181 4195 1369 4271 receptum

435 4306 591 4383 Instituit
606 4304 778 4400 primum,
804 4329 913 4401 quem
931 4330 1001 4376 nox
1016 4304 1187 4388 armabat,
1212 4302 1251 4372 in
1268 4301 1410 4373 umbris·

511 4492 558 4534 21.
579 4472 599 4529 f.
614 4469 855 4548 Chelir-rectptus,
984 4490 1031 4550 37.
1050 4481 1077 4530 in
1089 4493 1157 4529 ornan
1171 4466 1248 4526 Toll.
1261 4468 1338 4552 conj.

1259 4562 1417 4656 Grallarl
