3575 5509
854 1073 928 1133 DE

470 1288 837 1405 CARMINE
894 1287 1320 1387 BUCOLICO.

390 1644 582 1820 CUM
602 1766 673 1814 non
689 1742 800 1816 modo
818 1742 855 1815 id
875 1740 985 1813 aeluri
1011 1740 1131 1829 fimus,
1147 1761 1188 1816 ut
1212 1744 1320 1817 verba
1340 1768 1383 1820 ac

399 1870 588 1946 sententias
604 1874 723 1965 po'etae
745 1866 977 1960 explicemus,
1002 1887 1222 1960 quamquam
1249 1893 1291 1940 eo
1307 1868 1384 1966 ipfo

399 1990 600 2069 satisfecisse
618 1989 760 2061 muneri
779 1987 842 2060 suo
856 1989 970 2060 bonus
992 1988 1166 2085 interpres
1187 1993 1300 2065 videri
1317 2020 1386 2091 po-

399 2119 479 2205 test,
499 2116 559 2187 fed
576 2115 683 2187 etiam
700 2138 779 2193 eam
796 2138 919 2187 curam
939 2114 1183 2205 adhibeamus,
1201 2136 1251 2207 ut,
1272 2116 1397 2216 quan.'

400 2262 482 2317 tum
506 2227 718 2340 quidem'in
747 2242 817 2314 hoc
850 2244 1119 2315 commentandi
1145 2267 1275 2341 genere
1307 2247 1397 2321 fieri

397 2368 525 2467 potest,
542 2365 716 2438 rationem
742 2383 778 2437 et
805 2364 965 2437 indolem
987 2365 1157 2463 cujusque
1182 2370 1385 2444 carminum

398 2492 549 2589 generis,
583 2491 776 2564 artificium
801 2490 840 2561 in
872 2488 1095 2581 invenienda,
1128 2493 1319 2582 tractanda,
1348 2512 1385 2569 et
1477 2572 1482 2579 ,

389 2617 622 2705 ornandam,
643 2616 825 2703 dilectum,
848 2617 1063 2714 elegantiam
1090 2637 1125 2690 et
1153 2617 1386 2707 honestatem,

400 2741 761 2836 convenientiamque
791 2764 923 2827 rerum,
950 2740 1202 2813 sententiarum
1232 2759 1269 2815 et
1304 2766 1384 2813 ora.

401 2865 520 2954 tionis,
551 2886 737 2951 notemus;
776 2865 814 2937 in
847 2864 1066 2961 Eclogarum
1100 2864 1384 2961 Virgilianarum

398 2989 692 3085 interpretatione
714 2990 776 3061 vix
798 2988 948 3084 defungi
972 2986 1092 3057 officio
1108 2985 1227 3056 nostro
1243 2969 1402 3056 videbi(

399 3136 492 3200 mur,
525 3112 590 3184 nis1
624 3115 663 3185 de
692 3114 824 3185 bucolico
843 3104 989 3183 'carmine
1022 3108 1184 3181 universe
1216 3107 1384 3179 nonnulla

397 3222 657 3323 monuerimus,
677 3235 813 3332 dequo
836 3234 862 3305 fi
890 3235 984 3307 redte
1002 3231 1205 3321 sentiamus,
1229 3228 1382 3301 dubium

397 3360 549 3447 nonest,
573 3360 662 3456 quin
681 3359 719 3430 in
748 3358 830 3456 ipfis
859 3358 914 3433 his
941 3355 1089 3452 Eclogis
1115 3354 1230 3427 multa
1255 3353 1382 3425 restius
1485 3417 1489 3424 Χ

396 3504 440 3551 ac
459 3479 599 3552 facilius
618 3481 863 3577 intelligantur
879 3500 915 3553 et
931 3479 1136 3552 sentiantur.
1188 3475 1382 3573 Permagni

396 3603 497 3676 enim
513 3603 630 3693 refert,
654 3624 694 3679 ut
709 3608 754 3678 ab
778 3607 883 3679 initio
909 3606 1029 3678 statim
1046 3628 1144 3676 veras
1171 3626 1290 3674 rerum
1314 3626 1383 3674 no·
1460 3662 1462 3666 Α
1499 3585 1502 3591 ’

396 3727 516 3800 tiones
531 3707 575 3800 et
591 3729 747 3824 aliquam
770 3732 807 3802 in
834 3730 956 3802 animo
979 3728 1209 3800 informatam
1226 3724 1382 3796 veritatis

397 3868 435 3921 et
451 3851 728 3946 pulchritudinis
748 3856 923 3929 rationem
945 3871 980 3925 et
1002 3854 1179 3935 normam,
1204 3847 1249 3919 ad
1271 3871 1382 3944 quam

396 3966 535 4068 fingula
551 3975 695 4071 exigere
718 3974 836 4070 pollis,
866 3972 1001 4045 afferas
1052 3969 1124 4041 Vix
1146 3986 1266 4040 autem
1283 3963 1382 4037 aliud

396 4091 448 4163 est
465 4095 633 4166 carminis
646 4074 776 4193 genus,
796 4097 834 4167 in
860 4094 961 4193 cujus
986 4110 1110 4166 natura
1135 4084 1382 4183 constituenda

396 4214 487 4289 adeo
511 4216 550 4287 in
582 4220 734 4300 diversas
757 4222 944 4295 sententias
976 4221 1139 4305 abierint,
1164 4215 1225 4311 qui
1254 4214 1308 4286 his
1338 4206 1384 4279 de
1437 4284 1440 4287 ,

397 4339 503 4418 rebus
526 4344 747 4422 tradiderunt
759 4386 769 4434 ;
795 4372 911 4447 neque
938 4348 1007 4419 hoc
1030 4342 1228 4427 miraberis,
1253 4334 1278 4406 fi
1304 4356 1383 4404 me·
1494 4385 1498 4392 .

397 4460 556 4557 mineris
580 4468 699 4573 ipsum
734 4497 846 4575 genus
885 4472 991 4543 latius
1022 4485 1154 4569 patere,
1193 4454 1382 4558 ingenium
1416 4572 1420 4580 .

903 4596 938 4672 A
963 4618 984 4673 2
1260 4593 1382 4651 autem
