<?xml version="1.0" encoding="UTF-8"?>
<!DOCTYPE html PUBLIC "-//W3C//DTD XHTML 1.0 Transitional//EN"
    "http://www.w3.org/TR/xhtml1/DTD/xhtml1-transitional.dtd">
<html xmlns="http://www.w3.org/1999/xhtml" xml:lang="en" lang="en">
 <head>
  <title>
</title>
<meta http-equiv="Content-Type" content="text/html;charset=utf-8" />
  <meta name='ocr-system' content='tesseract 3.04.00' />
  <meta name='ocr-capabilities' content='ocr_page ocr_carea ocr_par ocr_line ocrx_word'/>
</head>
<body>
  <div class='ocr_page' id='page_1' title='image "./operavarietatel00virggoog/operavarietatel00virggoog_0451.png"; bbox 0 0 3575 5509; ppageno 0'>
   <div class='ocr_carea' id='block_1_1' title="bbox 528 727 1378 831">
    <p class='ocr_par' dir='ltr' id='par_1_1' title="bbox 528 727 1378 831">
     <span class='ocr_line' id='line_1_1' title="bbox 528 727 1378 831; baseline -0.001 -23"><span class='ocrx_word' id='word_1_1' title='bbox 528 762 530 767; x_wconf 93' lang='lat'>·</span> <span class='ocrx_word' id='word_1_2' title='bbox 624 730 712 808; x_wconf 81' lang='lat' dir='ltr'>nn</span> <span class='ocrx_word' id='word_1_3' title='bbox 768 727 1153 804; x_wconf 73' lang='lat' dir='ltr'>nuconrcn</span> <span class='ocrx_word' id='word_1_4' title='bbox 1312 740 1378 831; x_wconf 64' lang='lat' dir='ltr'>a,</span> 
     </span>
    </p>
   </div>
   <div class='ocr_carea' id='block_1_2' title="bbox 361 928 1457 3861">
    <p class='ocr_par' dir='ltr' id='par_1_2' title="bbox 401 928 1384 1283">
     <span class='ocr_line' id='line_1_2' title="bbox 401 928 1383 1016; baseline -0.015 -15"><span class='ocrx_word' id='word_1_5' title='bbox 401 936 447 1001; x_wconf 84' lang='lat'>111</span> <span class='ocrx_word' id='word_1_6' title='bbox 460 935 513 1016; x_wconf 90' lang='lat' dir='ltr'>Ep</span> <span class='ocrx_word' id='word_1_7' title='bbox 530 946 646 996; x_wconf 85' lang='lat' dir='ltr'>retro.</span> <span class='ocrx_word' id='word_1_8' title='bbox 686 932 764 991; x_wconf 86' lang='lat' dir='ltr'>Add.</span> <span class='ocrx_word' id='word_1_9' title='bbox 779 930 873 993; x_wconf 89' lang='lat' dir='ltr'>Burm.</span> <span class='ocrx_word' id='word_1_10' title='bbox 892 932 928 988; x_wconf 91' lang='lat' dir='ltr'>ad</span> <span class='ocrx_word' id='word_1_11' title='bbox 949 931 1064 989; x_wconf 86' lang='lat' dir='ltr'>Anthol.</span> <span class='ocrx_word' id='word_1_12' title='bbox 1078 930 1140 989; x_wconf 83' lang='lat' dir='ltr'>Lar.</span> <span class='ocrx_word' id='word_1_13' title='bbox 1155 928 1211 989; x_wconf 89' lang='lat' dir='ltr'>To.</span> <span class='ocrx_word' id='word_1_14' title='bbox 1228 929 1254 998; x_wconf 89' lang='lat'>1,</span> <span class='ocrx_word' id='word_1_15' title='bbox 1272 951 1300 1009; x_wconf 90' lang='lat' dir='ltr'>p</span> <span class='ocrx_word' id='word_1_16' title='bbox 1293 952 1383 1011; x_wconf 79' lang='lat'>..353</span> 
     </span>
     <span class='ocr_line' id='line_1_3' title="bbox 402 1018 1384 1122; baseline -0.004 -39"><span class='ocrx_word' id='word_1_17' title='bbox 402 1026 484 1083; x_wconf 88' lang='lat' dir='ltr'>Adeo</span> <span class='ocrx_word' id='word_1_18' title='bbox 502 1036 532 1082; x_wconf 91' lang='lat' dir='ltr'>et</span> <span class='ocrx_word' id='word_1_19' title='bbox 552 1024 631 1101; x_wconf 81' lang='lat' dir='ltr'>hujus</span> <span class='ocrx_word' id='word_1_20' title='bbox 651 1018 772 1091; x_wconf 88' lang='lat' dir='ltr'>hominis</span> <span class='ocrx_word' id='word_1_21' title='bbox 791 1021 917 1098; x_wconf 84' lang='lat' dir='ltr'>exemplo</span> <span class='ocrx_word' id='word_1_22' title='bbox 939 1019 1078 1122; x_wconf 80' lang='lat' dir='ltr'>propofito</span> <span class='ocrx_word' id='word_1_23' title='bbox 1097 1035 1268 1078; x_wconf 86' lang='lat' dir='ltr'>contemnere</span> <span class='ocrx_word' id='word_1_24' title='bbox 1286 1021 1384 1098; x_wconf 86' lang='lat' dir='ltr'>aliquis</span> 
     </span>
     <span class='ocr_line' id='line_1_4' title="bbox 401 1110 1384 1207; baseline -0.003 -32"><span class='ocrx_word' id='word_1_25' title='bbox 401 1117 489 1175; x_wconf 89' lang='lat' dir='ltr'>discat</span> <span class='ocrx_word' id='word_1_26' title='bbox 500 1115 621 1175; x_wconf 88' lang='lat' dir='ltr'>nominis</span> <span class='ocrx_word' id='word_1_27' title='bbox 635 1112 735 1172; x_wconf 86' lang='lat' dir='ltr'>samam</span> <span class='ocrx_word' id='word_1_28' title='bbox 751 1125 779 1169; x_wconf 91' lang='lat' dir='ltr'>et</span> <span class='ocrx_word' id='word_1_29' title='bbox 798 1110 1048 1169; x_wconf 84' lang='lat' dir='ltr'>immortalitatem:</span> <span class='ocrx_word' id='word_1_30' title='bbox 1069 1111 1099 1167; x_wconf 91' lang='lat' dir='ltr'>in</span> <span class='ocrx_word' id='word_1_31' title='bbox 1114 1132 1168 1189; x_wconf 87' lang='lat' dir='ltr'>qua</span> <span class='ocrx_word' id='word_1_32' title='bbox 1183 1128 1211 1170; x_wconf 92' lang='lat' dir='ltr'>et</span> <span class='ocrx_word' id='word_1_33' title='bbox 1232 1112 1289 1207; x_wconf 82' lang='lat' dir='ltr'>ipsa</span> <span class='ocrx_word' id='word_1_34' title='bbox 1308 1114 1384 1172; x_wconf 84' lang='lat' dir='ltr'>casus</span> 
     </span>
     <span class='ocr_line' id='line_1_5' title="bbox 401 1205 667 1283; baseline -0.02 -18"><span class='ocrx_word' id='word_1_35' title='bbox 401 1210 430 1265; x_wconf 69' lang='lat' dir='ltr'>bt</span> <span class='ocrx_word' id='word_1_36' title='bbox 442 1205 552 1264; x_wconf 81' lang='lat' dir='ltr'>fortuna¹</span> <span class='ocrx_word' id='word_1_37' title='bbox 565 1218 667 1283; x_wconf 87' lang='lat' dir='ltr'>regnat.</span> 
     </span>
    </p>

    <p class='ocr_par' dir='ltr' id='par_1_3' title="bbox 361 1289 1457 3861">
     <span class='ocr_line' id='line_1_6' title="bbox 407 1289 1381 1372; baseline 0.002 -20.076"><span class='ocrx_word' id='word_1_38' title='bbox 407 1293 573 1371; x_wconf 89' lang='lat' dir='ltr'>Contigit</span> <span class='ocrx_word' id='word_1_39' title='bbox 588 1308 679 1350; x_wconf 90' lang='lat' dir='ltr'>tamen</span> <span class='ocrx_word' id='word_1_40' title='bbox 698 1289 770 1349; x_wconf 89' lang='lat' dir='ltr'>inter</span> <span class='ocrx_word' id='word_1_41' title='bbox 791 1290 860 1357; x_wconf 79' lang='lat' dir='ltr'>haec,</span> <span class='ocrx_word' id='word_1_42' title='bbox 881 1304 912 1346; x_wconf 93' lang='lat' dir='ltr'>ut</span> <span class='ocrx_word' id='word_1_43' title='bbox 932 1290 1027 1358; x_wconf 88' lang='lat' dir='ltr'>multa,</span> <span class='ocrx_word' id='word_1_44' title='bbox 1041 1309 1100 1366; x_wconf 87' lang='lat' dir='ltr'>quae</span> <span class='ocrx_word' id='word_1_45' title='bbox 1117 1289 1151 1346; x_wconf 89' lang='lat' dir='ltr'>ad</span> <span class='ocrx_word' id='word_1_46' title='bbox 1163 1289 1242 1349; x_wconf 88' lang='lat' dir='ltr'>Galli</span> <span class='ocrx_word' id='word_1_47' title='bbox 1257 1312 1296 1350; x_wconf 93' lang='lat' dir='ltr'>res</span> <span class='ocrx_word' id='word_1_48' title='bbox 1309 1294 1381 1372; x_wconf 83' lang='lat' dir='ltr'>spec-</span> 
     </span>
     <span class='ocr_line' id='line_1_7' title="bbox 402 1378 1416 1456; baseline -0.001 -14"><span class='ocrx_word' id='word_1_49' title='bbox 402 1396 473 1451; x_wconf 85' lang='lat' dir='ltr'>tant,</span> <span class='ocrx_word' id='word_1_50' title='bbox 506 1380 656 1439; x_wconf 79' lang='lat' dir='ltr'>accuratius</span> <span class='ocrx_word' id='word_1_51' title='bbox 691 1378 923 1439; x_wconf 88' lang='lat' dir='ltr'>constituerentur.</span> <span class='ocrx_word' id='word_1_52' title='bbox 988 1378 1093 1435; x_wconf 83' lang='lat' dir='ltr'>Contra</span> <span class='ocrx_word' id='word_1_53' title='bbox 1119 1399 1183 1437; x_wconf 88' lang='lat' dir='ltr'>vero</span> <span class='ocrx_word' id='word_1_54' title='bbox 1213 1400 1263 1438; x_wconf 89' lang='lat' dir='ltr'>nec</span> <span class='ocrx_word' id='word_1_55' title='bbox 1295 1384 1385 1456; x_wconf 86' lang='lat' dir='ltr'>minus</span> <span class='ocrx_word' id='word_1_56' title='bbox 1414 1418 1416 1420; x_wconf 83' lang='grc'><em>·</em></span> 
     </span>
     <span class='ocr_line' id='line_1_8' title="bbox 401 1460 1383 1547; baseline 0.001 -16"><span class='ocrx_word' id='word_1_57' title='bbox 401 1460 464 1532; x_wconf 62' lang='lat' dir='ltr'>‘arlia&#39;</span> <span class='ocrx_word' id='word_1_58' title='bbox 479 1470 601 1530; x_wconf 80' lang='lat' dir='ltr'>uirorum</span> <span class='ocrx_word' id='word_1_59' title='bbox 623 1470 764 1529; x_wconf 75' lang='lat' dir='ltr'>dosiorum</span> <span class='ocrx_word' id='word_1_60' title='bbox 789 1466 904 1545; x_wconf 85' lang='lat' dir='ltr'>argutiis</span> <span class='ocrx_word' id='word_1_61' title='bbox 928 1467 1003 1527; x_wconf 88' lang='lat' dir='ltr'>suere</span> <span class='ocrx_word' id='word_1_62' title='bbox 1027 1468 1160 1547; x_wconf 84' lang='lat' dir='ltr'>impedita</span> <span class='ocrx_word' id='word_1_63' title='bbox 1182 1485 1210 1529; x_wconf 90' lang='lat' dir='ltr'>et</span> <span class='ocrx_word' id='word_1_64' title='bbox 1232 1471 1383 1544; x_wconf 84' lang='lat' dir='ltr'>obscurata,</span> 
     </span>
     <span class='ocr_line' id='line_1_9' title="bbox 402 1556 1384 1639; baseline 0.003 -20"><span class='ocrx_word' id='word_1_65' title='bbox 402 1562 486 1620; x_wconf 88' lang='lat' dir='ltr'>etiam</span> <span class='ocrx_word' id='word_1_66' title='bbox 508 1560 538 1618; x_wconf 89' lang='lat' dir='ltr'>in</span> <span class='ocrx_word' id='word_1_67' title='bbox 561 1560 606 1629; x_wconf 90' lang='lat' dir='ltr'>iis,</span> <span class='ocrx_word' id='word_1_68' title='bbox 625 1579 686 1637; x_wconf 81' lang='lat' dir='ltr'>quae</span> <span class='ocrx_word' id='word_1_69' title='bbox 703 1557 738 1616; x_wconf 92' lang='lat' dir='ltr'>ad</span> <span class='ocrx_word' id='word_1_70' title='bbox 760 1556 913 1636; x_wconf 88' lang='lat' dir='ltr'>Virgilium</span> <span class='ocrx_word' id='word_1_71' title='bbox 936 1558 1062 1635; x_wconf 74' lang='lat' dir='ltr'>spesiant.</span> <span class='ocrx_word' id='word_1_72' title='bbox 1104 1557 1147 1616; x_wconf 87' lang='lat' dir='ltr'>De</span> <span class='ocrx_word' id='word_1_73' title='bbox 1167 1560 1254 1618; x_wconf 83' lang='lat' dir='ltr'>amica</span> <span class='ocrx_word' id='word_1_74' title='bbox 1267 1564 1384 1639; x_wconf 80' lang='lat' dir='ltr'>Lycoride</span> 
     </span>
     <span class='ocr_line' id='line_1_10' title="bbox 404 1646 1457 1729; baseline -0.003 -18"><span class='ocrx_word' id='word_1_75' title='bbox 404 1650 570 1729; x_wconf 87' lang='lat' dir='ltr'>disputatum</span> <span class='ocrx_word' id='word_1_76' title='bbox 587 1650 623 1708; x_wconf 86' lang='lat' dir='ltr'>est</span> <span class='ocrx_word' id='word_1_77' title='bbox 641 1649 671 1708; x_wconf 91' lang='lat' dir='ltr'>in</span> <span class='ocrx_word' id='word_1_78' title='bbox 684 1649 802 1726; x_wconf 86' lang='lat' dir='ltr'>Argum.</span> <span class='ocrx_word' id='word_1_79' title='bbox 824 1648 885 1705; x_wconf 83' lang='lat' dir='ltr'>Ecl.</span> <span class='ocrx_word' id='word_1_80' title='bbox 906 1646 944 1707; x_wconf 88' lang='lat' dir='ltr'>X.</span> <span class='ocrx_word' id='word_1_81' title='bbox 984 1648 1127 1726; x_wconf 87' lang='lat' dir='ltr'>ingenium</span> <span class='ocrx_word' id='word_1_82' title='bbox 1140 1647 1218 1707; x_wconf 87' lang='lat' dir='ltr'>Galli</span> <span class='ocrx_word' id='word_1_83' title='bbox 1230 1664 1258 1707; x_wconf 92' lang='lat' dir='ltr'>et</span> <span class='ocrx_word' id='word_1_84' title='bbox 1270 1652 1384 1711; x_wconf 83' lang='lat' dir='ltr'>faculta-</span> <span class='ocrx_word' id='word_1_85' title='bbox 1455 1700 1457 1708; x_wconf 69' lang='lat'>.</span> 
     </span>
     <span class='ocr_line' id='line_1_11' title="bbox 403 1735 1383 1819; baseline 0.004 -24"><span class='ocrx_word' id='word_1_86' title='bbox 403 1752 459 1796; x_wconf 89' lang='lat' dir='ltr'>tem</span> <span class='ocrx_word' id='word_1_87' title='bbox 482 1738 618 1819; x_wconf 86' lang='lat' dir='ltr'>po&#39;e&#39;ticam</span> <span class='ocrx_word' id='word_1_88' title='bbox 640 1757 726 1818; x_wconf 89' lang='lat' dir='ltr'>pauca</span> <span class='ocrx_word' id='word_1_89' title='bbox 747 1736 874 1794; x_wconf 82' lang='lat' dir='ltr'>testantur</span> <span class='ocrx_word' id='word_1_90' title='bbox 896 1736 1058 1814; x_wconf 86' lang='lat' dir='ltr'>fragmenta,</span> <span class='ocrx_word' id='word_1_91' title='bbox 1078 1757 1138 1813; x_wconf 86' lang='lat' dir='ltr'>quae</span> <span class='ocrx_word' id='word_1_92' title='bbox 1158 1738 1314 1815; x_wconf 78' lang='lat' dir='ltr'>supersunt3</span> <span class='ocrx_word' id='word_1_93' title='bbox 1334 1735 1383 1799; x_wconf 86' lang='lat' dir='ltr'>ad-</span> 
     </span>
     <span class='ocr_line' id='line_1_12' title="bbox 373 1824 1383 1907; baseline 0.004 -23"><span class='ocrx_word' id='word_1_94' title='bbox 373 1846 376 1851; x_wconf 78' lang='grc'><strong>’</strong></span> <span class='ocrx_word' id='word_1_95' title='bbox 403 1827 506 1888; x_wconf 74' lang='lat' dir='ltr'>struunt</span> <span class='ocrx_word' id='word_1_96' title='bbox 535 1842 624 1886; x_wconf 84' lang='lat' dir='ltr'>autern</span> <span class='ocrx_word' id='word_1_97' title='bbox 657 1840 718 1885; x_wconf 86' lang='lat' dir='ltr'>earn</span> <span class='ocrx_word' id='word_1_98' title='bbox 748 1840 869 1885; x_wconf 80' lang='lat' dir='ltr'>veterum</span> <span class='ocrx_word' id='word_1_99' title='bbox 902 1824 1048 1903; x_wconf 83' lang='lat' dir='ltr'>praeconia,</span> <span class='ocrx_word' id='word_1_100' title='bbox 1081 1826 1164 1903; x_wconf 91' lang='lat' dir='ltr'>inque</span> <span class='ocrx_word' id='word_1_101' title='bbox 1188 1829 1231 1885; x_wconf 87' lang='lat' dir='ltr'>bis</span> <span class='ocrx_word' id='word_1_102' title='bbox 1256 1828 1383 1907; x_wconf 82' lang='lat' dir='ltr'>Virgilii.</span> 
     </span>
     <span class='ocr_line' id='line_1_13' title="bbox 403 1912 1382 1989; baseline 0.002 -16"><span class='ocrx_word' id='word_1_103' title='bbox 403 1915 509 1975; x_wconf 83' lang='lat' dir='ltr'>Verum</span> <span class='ocrx_word' id='word_1_104' title='bbox 532 1916 578 1974; x_wconf 91' lang='lat' dir='ltr'>hic</span> <span class='ocrx_word' id='word_1_105' title='bbox 603 1935 659 1973; x_wconf 83' lang='lat' dir='ltr'>non</span> <span class='ocrx_word' id='word_1_106' title='bbox 691 1929 746 1972; x_wconf 89' lang='lat' dir='ltr'>tam</span> <span class='ocrx_word' id='word_1_107' title='bbox 772 1914 807 1971; x_wconf 90' lang='lat' dir='ltr'>ab</span> <span class='ocrx_word' id='word_1_108' title='bbox 836 1913 983 1989; x_wconf 88' lang='lat' dir='ltr'>Elegorum</span> <span class='ocrx_word' id='word_1_109' title='bbox 1009 1912 1143 1969; x_wconf 87' lang='lat' dir='ltr'>felicitare</span> <span class='ocrx_word' id='word_1_110' title='bbox 1166 1934 1227 1971; x_wconf 93' lang='lat' dir='ltr'>eum</span> <span class='ocrx_word' id='word_1_111' title='bbox 1254 1918 1382 1985; x_wconf 86' lang='lat' dir='ltr'>celebrat,</span> 
     </span>
     <span class='ocr_line' id='line_1_14' title="bbox 395 2001 1388 2083; baseline 0 -20"><span class='ocrx_word' id='word_1_112' title='bbox 395 2024 485 2081; x_wconf 22' lang='lat' dir='ltr'>,quam</span> <span class='ocrx_word' id='word_1_113' title='bbox 509 2006 543 2063; x_wconf 86' lang='lat' dir='ltr'>ab</span> <span class='ocrx_word' id='word_1_114' title='bbox 561 2004 671 2062; x_wconf 84' lang='lat' dir='ltr'>alterius</span> <span class='ocrx_word' id='word_1_115' title='bbox 693 2002 798 2081; x_wconf 87' lang='lat' dir='ltr'>generis</span> <span class='ocrx_word' id='word_1_116' title='bbox 818 2002 960 2058; x_wconf 82' lang='lat' dir='ltr'>carminer</span> <span class='ocrx_word' id='word_1_117' title='bbox 979 2003 1142 2059; x_wconf 82' lang='lat' dir='ltr'>altero&#39;loco</span> <span class='ocrx_word' id='word_1_118' title='bbox 1162 2001 1217 2072; x_wconf 91' lang='lat' dir='ltr'>VI,</span> <span class='ocrx_word' id='word_1_119' title='bbox 1237 2024 1271 2083; x_wconf 84' lang='lat'>72</span> <span class='ocrx_word' id='word_1_120' title='bbox 1291 2008 1388 2083; x_wconf 68' lang='lat' dir='ltr'>Grynei</span> 
     </span>
     <span class='ocr_line' id='line_1_15' title="bbox 403 2089 1382 2173; baseline 0.001 -22"><span class='ocrx_word' id='word_1_121' title='bbox 403 2104 506 2153; x_wconf 84' lang='lat' dir='ltr'>nemoris</span> <span class='ocrx_word' id='word_1_122' title='bbox 530 2103 646 2173; x_wconf 86' lang='lat' dir='ltr'>originem</span> <span class='ocrx_word' id='word_1_123' title='bbox 673 2105 861 2170; x_wconf 84' lang='lat' dir='ltr'>argumentum</span> <span class='ocrx_word' id='word_1_124' title='bbox 887 2089 961 2158; x_wconf 84' lang='lat' dir='ltr'>illius</span> <span class='ocrx_word' id='word_1_125' title='bbox 982 2090 1144 2148; x_wconf 83' lang='lat' dir='ltr'>constituisse</span> <span class='ocrx_word' id='word_1_126' title='bbox 1166 2089 1276 2150; x_wconf 87' lang='lat' dir='ltr'>innuit:</span> <span class='ocrx_word' id='word_1_127' title='bbox 1308 2115 1382 2165; x_wconf 83' lang='lat' dir='ltr'>nam,</span> 
     </span>
     <span class='ocr_line' id='line_1_16' title="bbox 404 2178 1383 2258; baseline 0.003 -19"><span class='ocrx_word' id='word_1_128' title='bbox 404 2197 468 2240; x_wconf 84' lang='lat' dir='ltr'>cum</span> <span class='ocrx_word' id='word_1_129' title='bbox 488 2183 602 2240; x_wconf 88' lang='lat' dir='ltr'>Gallum</span> <span class='ocrx_word' id='word_1_130' title='bbox 623 2181 729 2240; x_wconf 91' lang='lat' dir='ltr'>summo</span> <span class='ocrx_word' id='word_1_131' title='bbox 750 2180 852 2239; x_wconf 87' lang='lat' dir='ltr'>honore</span> <span class='ocrx_word' id='word_1_132' title='bbox 871 2199 887 2237; x_wconf 82' lang='lat' dir='ltr'>a</span> <span class='ocrx_word' id='word_1_133' title='bbox 906 2178 991 2238; x_wconf 79' lang='lat' dir='ltr'>Musis</span> <span class='ocrx_word' id='word_1_134' title='bbox 1002 2194 1144 2258; x_wconf 90' lang='lat' dir='ltr'>acceptum</span> <span class='ocrx_word' id='word_1_135' title='bbox 1157 2182 1280 2239; x_wconf 87' lang='lat' dir='ltr'>narrasset</span> <span class='ocrx_word' id='word_1_136' title='bbox 1290 2183 1383 2251; x_wconf 90' lang='lat' dir='ltr'>Maro,</span> 
     </span>
     <span class='ocr_line' id='line_1_17' title="bbox 404 2258 1385 2351; baseline 0.003 -24"><span class='ocrx_word' id='word_1_137' title='bbox 404 2258 514 2339; x_wconf 66' lang='lat' dir='ltr'>Linum</span> <span class='ocrx_word' id='word_1_138' title='bbox 526 2272 568 2329; x_wconf 64' lang='lat' dir='ltr'>‘ait</span> <span class='ocrx_word' id='word_1_139' title='bbox 587 2271 613 2329; x_wconf 91' lang='lat' dir='ltr'>ei</span> <span class='ocrx_word' id='word_1_140' title='bbox 636 2271 747 2328; x_wconf 86' lang='lat' dir='ltr'>fistulam</span> <span class='ocrx_word' id='word_1_141' title='bbox 771 2268 885 2327; x_wconf 79' lang='lat' dir='ltr'>Hesiodi</span> <span class='ocrx_word' id='word_1_142' title='bbox 907 2269 1056 2351; x_wconf 73' lang='lat' dir='ltr'>praebuisse,</span> <span class='ocrx_word' id='word_1_143' title='bbox 1076 2268 1164 2326; x_wconf 88' lang='lat' dir='ltr'>verbis</span> <span class='ocrx_word' id='word_1_144' title='bbox 1184 2270 1312 2347; x_wconf 73' lang='lat' dir='ltr'>adjesiis·</span> <span class='ocrx_word' id='word_1_145' title='bbox 1334 2276 1385 2331; x_wconf 81' lang='lat' dir='ltr'>Hir</span> 
     </span>
     <span class='ocr_line' id='line_1_18' title="bbox 406 2356 1383 2437; baseline 0.003 -21"><span class='ocrx_word' id='word_1_146' title='bbox 406 2359 543 2437; x_wconf 77' lang='lat' dir='ltr'>(calamis)</span> <span class='ocrx_word' id='word_1_147' title='bbox 569 2358 619 2418; x_wconf 82' lang='lat' dir='ltr'>eibi</span> <span class='ocrx_word' id='word_1_148' title='bbox 641 2359 738 2437; x_wconf 81' lang='lat' dir='ltr'>Grynei</span> <span class='ocrx_word' id='word_1_149' title='bbox 756 2367 858 2416; x_wconf 84' lang='lat' dir='ltr'>nemoris</span> <span class='ocrx_word' id='word_1_150' title='bbox 882 2361 984 2417; x_wconf 84' lang='lat' dir='ltr'>dicatur</span> <span class='ocrx_word' id='word_1_151' title='bbox 1006 2362 1094 2435; x_wconf 83' lang='lat' dir='ltr'>origo:</span> <span class='ocrx_word' id='word_1_152' title='bbox 1115 2356 1155 2414; x_wconf 87' lang='lat' dir='ltr'>Ne</span> <span class='ocrx_word' id='word_1_153' title='bbox 1175 2366 1229 2435; x_wconf 82' lang='lat' dir='ltr'>quis</span> <span class='ocrx_word' id='word_1_154' title='bbox 1240 2359 1283 2436; x_wconf 85' lang='lat' dir='ltr'>stt</span> <span class='ocrx_word' id='word_1_155' title='bbox 1304 2360 1383 2431; x_wconf 84' lang='lat' dir='ltr'>lucus,</span> 
     </span>
     <span class='ocr_line' id='line_1_19' title="bbox 361 2445 1383 2531; baseline 0.001 -23"><span class='ocrx_word' id='word_1_156' title='bbox 361 2489 363 2494; x_wconf 68' lang='lat'>,</span> <span class='ocrx_word' id='word_1_157' title='bbox 403 2474 450 2529; x_wconf 84' lang='lat' dir='ltr'>qao</span> <span class='ocrx_word' id='word_1_158' title='bbox 461 2455 492 2531; x_wconf 80' lang='lat' dir='ltr'>se</span> <span class='ocrx_word' id='word_1_159' title='bbox 509 2447 567 2527; x_wconf 74' lang='lat' dir='ltr'>plns</span> <span class='ocrx_word' id='word_1_160' title='bbox 582 2454 668 2529; x_wconf 71' lang='lat' dir='ltr'>jalin</span> <span class='ocrx_word' id='word_1_161' title='bbox 686 2446 783 2526; x_wconf 82' lang='lat' dir='ltr'>Apollo.</span> <span class='ocrx_word' id='word_1_162' title='bbox 822 2448 919 2506; x_wconf 87' lang='lat' dir='ltr'>Altero</span> <span class='ocrx_word' id='word_1_163' title='bbox 940 2448 1004 2505; x_wconf 88' lang='lat' dir='ltr'>loco</span> <span class='ocrx_word' id='word_1_164' title='bbox 1021 2446 1082 2505; x_wconf 85' lang='lat' dir='ltr'>Ecl.</span> <span class='ocrx_word' id='word_1_165' title='bbox 1107 2445 1148 2515; x_wconf 90' lang='lat' dir='ltr'>X,</span> <span class='ocrx_word' id='word_1_166' title='bbox 1168 2467 1214 2525; x_wconf 78' lang='lat'>50.</span> <span class='ocrx_word' id='word_1_167' title='bbox 1236 2467 1269 2527; x_wconf 87' lang='lat'>51</span> <span class='ocrx_word' id='word_1_168' title='bbox 1286 2448 1383 2510; x_wconf 83' lang='lat' dir='ltr'>Gallus</span> 
     </span>
     <span class='ocr_line' id='line_1_20' title="bbox 403 2535 1384 2616; baseline 0.001 -21"><span class='ocrx_word' id='word_1_169' title='bbox 403 2539 542 2615; x_wconf 86' lang='lat' dir='ltr'>loquitur:</span> <span class='ocrx_word' id='word_1_170' title='bbox 560 2539 620 2607; x_wconf 86' lang='lat' dir='ltr'>Ibo,</span> <span class='ocrx_word' id='word_1_171' title='bbox 641 2536 691 2605; x_wconf 87' lang='lat' dir='ltr'>ait,</span> <span class='ocrx_word' id='word_1_172' title='bbox 716 2543 741 2594; x_wconf 81' lang='lat' dir='ltr'>el</span> <span class='ocrx_word' id='word_1_173' title='bbox 729 2535 914 2595; x_wconf 75' lang='lat' dir='ltr'>rehalcrdreo</span> <span class='ocrx_word' id='word_1_174' title='bbox 938 2561 997 2615; x_wconf 81' lang='lat' dir='ltr'>quae</span> <span class='ocrx_word' id='word_1_175' title='bbox 1011 2540 1136 2611; x_wconf 87' lang='lat' dir='ltr'>suntr</span> <span class='ocrx_word' id='word_1_176' title='bbox 1101 2535 1166 2593; x_wconf 85' lang='lat' dir='ltr'>mibi</span> <span class='ocrx_word' id='word_1_177' title='bbox 1185 2539 1283 2594; x_wconf 70' lang='lat' dir='ltr'>condia</span> <span class='ocrx_word' id='word_1_178' title='bbox 1306 2545 1384 2616; x_wconf 84' lang='lat' dir='ltr'>versu</span> 
     </span>
     <span class='ocr_line' id='line_1_21' title="bbox 404 2620 1385 2707; baseline 0.002 -22"><span class='ocrx_word' id='word_1_179' title='bbox 404 2620 542 2697; x_wconf 84' lang='lat' dir='ltr'>Carmina,</span> <span class='ocrx_word' id='word_1_180' title='bbox 563 2630 666 2707; x_wconf 80' lang='lat' dir='ltr'>pastoris</span> <span class='ocrx_word' id='word_1_181' title='bbox 687 2627 768 2685; x_wconf 83' lang='lat' dir='ltr'>Siculi</span> <span class='ocrx_word' id='word_1_182' title='bbox 785 2626 929 2687; x_wconf 81' lang='lat' dir='ltr'>modulabor</span> <span class='ocrx_word' id='word_1_183' title='bbox 949 2650 1046 2684; x_wconf 84' lang='lat' dir='ltr'>avena.</span> <span class='ocrx_word' id='word_1_184' title='bbox 1096 2624 1194 2682; x_wconf 81' lang='lat' dir='ltr'>Gallus</span> <span class='ocrx_word' id='word_1_185' title='bbox 1218 2625 1286 2685; x_wconf 89' lang='lat' dir='ltr'>adeo</span> <span class='ocrx_word' id='word_1_186' title='bbox 1308 2634 1385 2705; x_wconf 72' lang='lat' dir='ltr'>versu</span> 
     </span>
     <span class='ocr_line' id='line_1_22' title="bbox 404 2711 1383 2793; baseline 0.004 -22"><span class='ocrx_word' id='word_1_187' title='bbox 404 2712 548 2774; x_wconf 67' lang='lat' dir='ltr'>Chalcedon</span> <span class='ocrx_word' id='word_1_188' title='bbox 571 2722 686 2773; x_wconf 73' lang='lat' dir='ltr'>carmena</span> <span class='ocrx_word' id='word_1_189' title='bbox 709 2712 857 2771; x_wconf 81' lang='lat' dir='ltr'>condiderat.</span> <span class='ocrx_word' id='word_1_190' title='bbox 911 2711 1096 2791; x_wconf 85' lang='lat' dir='ltr'>Euphorionis</span> <span class='ocrx_word' id='word_1_191' title='bbox 1120 2711 1242 2770; x_wconf 87' lang='lat' dir='ltr'>carmina</span> <span class='ocrx_word' id='word_1_192' title='bbox 1272 2714 1383 2793; x_wconf 86' lang='lat' dir='ltr'>respici,</span> 
     </span>
     <span class='ocr_line' id='line_1_23' title="bbox 402 2800 1383 2880; baseline 0.003 -20"><span class='ocrx_word' id='word_1_193' title='bbox 402 2803 452 2880; x_wconf 90' lang='lat' dir='ltr'>qui</span> <span class='ocrx_word' id='word_1_194' title='bbox 473 2802 658 2862; x_wconf 80' lang='lat' dir='ltr'>Chalcidensis</span> <span class='ocrx_word' id='word_1_195' title='bbox 682 2821 717 2859; x_wconf 85' lang='lat' dir='ltr'>ex</span> <span class='ocrx_word' id='word_1_196' title='bbox 741 2800 846 2859; x_wconf 82' lang='lat' dir='ltr'>Euboea</span> <span class='ocrx_word' id='word_1_197' title='bbox 871 2801 935 2871; x_wconf 88' lang='lat' dir='ltr'>fuit,</span> <span class='ocrx_word' id='word_1_198' title='bbox 954 2800 1017 2860; x_wconf 87' lang='lat' dir='ltr'>satis</span> <span class='ocrx_word' id='word_1_199' title='bbox 1040 2803 1185 2869; x_wconf 82' lang='lat' dir='ltr'>convenit3</span> <span class='ocrx_word' id='word_1_200' title='bbox 1206 2802 1315 2879; x_wconf 89' lang='lat' dir='ltr'>ejusque</span> <span class='ocrx_word' id='word_1_201' title='bbox 1336 2825 1383 2863; x_wconf 88' lang='lat' dir='ltr'>ne·</span> 
     </span>
     <span class='ocr_line' id='line_1_24' title="bbox 401 2885 1384 2969; baseline 0.002 -19"><span class='ocrx_word' id='word_1_202' title='bbox 401 2893 469 2951; x_wconf 86' lang='lat' dir='ltr'>celse</span> <span class='ocrx_word' id='word_1_203' title='bbox 489 2894 525 2950; x_wconf 86' lang='lat' dir='ltr'>est</span> <span class='ocrx_word' id='word_1_204' title='bbox 547 2907 594 2951; x_wconf 90' lang='lat' dir='ltr'>aut</span> <span class='ocrx_word' id='word_1_205' title='bbox 616 2885 772 2949; x_wconf 80' lang='lat' dir='ltr'>transtulisse</span> <span class='ocrx_word' id='word_1_206' title='bbox 791 2910 900 2949; x_wconf 85' lang='lat' dir='ltr'>carmen</span> <span class='ocrx_word' id='word_1_207' title='bbox 922 2890 1064 2969; x_wconf 86' lang='lat' dir='ltr'>aliquod</span> <span class='ocrx_word' id='word_1_208' title='bbox 1056 2911 1086 2948; x_wconf 84' lang='lat' dir='ltr'>sn</span> <span class='ocrx_word' id='word_1_209' title='bbox 1105 2891 1259 2949; x_wconf 90' lang='lat' dir='ltr'>Romanum</span> <span class='ocrx_word' id='word_1_210' title='bbox 1285 2893 1384 2952; x_wconf 89' lang='lat' dir='ltr'>sermo-</span> 
     </span>
     <span class='ocr_line' id='line_1_25' title="bbox 402 2978 1383 3058; baseline 0 -18"><span class='ocrx_word' id='word_1_211' title='bbox 402 2986 463 3041; x_wconf 90' lang='lat' dir='ltr'>hem</span> <span class='ocrx_word' id='word_1_212' title='bbox 489 2983 615 3050; x_wconf 89' lang='lat' dir='ltr'>Gallum,</span> <span class='ocrx_word' id='word_1_213' title='bbox 641 2995 689 3038; x_wconf 89' lang='lat' dir='ltr'>aut</span> <span class='ocrx_word' id='word_1_214' title='bbox 727 2979 882 3047; x_wconf 82' lang='lat' dir='ltr'>imitatione</span> <span class='ocrx_word' id='word_1_215' title='bbox 916 2980 1071 3058; x_wconf 86' lang='lat' dir='ltr'>expreffilse.</span> <span class='ocrx_word' id='word_1_216' title='bbox 1132 2978 1261 3057; x_wconf 78' lang='lat' dir='ltr'>Proclive</span> <span class='ocrx_word' id='word_1_217' title='bbox 1286 2983 1323 3038; x_wconf 86' lang='lat' dir='ltr'>est</span> <span class='ocrx_word' id='word_1_218' title='bbox 1347 2984 1383 3041; x_wconf 92' lang='lat' dir='ltr'>ad</span> 
     </span>
     <span class='ocr_line' id='line_1_26' title="bbox 401 3066 1385 3149; baseline -0.002 -19"><span class='ocrx_word' id='word_1_219' title='bbox 401 3070 620 3149; x_wconf 67' lang='lat' dir='ltr'>Eonjeslandum,</span> <span class='ocrx_word' id='word_1_220' title='bbox 640 3069 731 3148; x_wconf 88' lang='lat' dir='ltr'>ipsum</span> <span class='ocrx_word' id='word_1_221' title='bbox 744 3067 815 3126; x_wconf 90' lang='lat' dir='ltr'>illud</span> <span class='ocrx_word' id='word_1_222' title='bbox 829 3073 943 3126; x_wconf 74' lang='lat' dir='ltr'>carmen</span> <span class='ocrx_word' id='word_1_223' title='bbox 958 3068 992 3126; x_wconf 92' lang='lat' dir='ltr'>de</span> <span class='ocrx_word' id='word_1_224' title='bbox 1006 3067 1136 3146; x_wconf 84' lang='lat' dir='ltr'>Apolline</span> <span class='ocrx_word' id='word_1_225' title='bbox 1148 3066 1263 3142; x_wconf 89' lang='lat' dir='ltr'>Gryneo</span> <span class='ocrx_word' id='word_1_226' title='bbox 1275 3071 1385 3149; x_wconf 79' lang='lat' dir='ltr'>ejusque</span> 
     </span>
     <span class='ocr_line' id='line_1_27' title="bbox 400 3155 1384 3237; baseline -0.003 -16"><span class='ocrx_word' id='word_1_227' title='bbox 400 3155 512 3221; x_wconf 80' lang='lat' dir='ltr'>braculo</span> <span class='ocrx_word' id='word_1_228' title='bbox 533 3161 611 3219; x_wconf 88' lang='lat' dir='ltr'>fuisse</span> <span class='ocrx_word' id='word_1_229' title='bbox 632 3158 712 3227; x_wconf 92' lang='lat' dir='ltr'>illud,</span> <span class='ocrx_word' id='word_1_230' title='bbox 733 3158 806 3237; x_wconf 88' lang='lat' dir='ltr'>quod</span> <span class='ocrx_word' id='word_1_231' title='bbox 828 3157 1012 3237; x_wconf 87' lang='lat' dir='ltr'>Euphorionis</span> <span class='ocrx_word' id='word_1_232' title='bbox 1030 3172 1076 3215; x_wconf 89' lang='lat' dir='ltr'>aut</span> <span class='ocrx_word' id='word_1_233' title='bbox 1089 3157 1150 3214; x_wconf 87' lang='lat' dir='ltr'>stilo</span> <span class='ocrx_word' id='word_1_234' title='bbox 1163 3171 1210 3213; x_wconf 90' lang='lat' dir='ltr'>aut</span> <span class='ocrx_word' id='word_1_235' title='bbox 1222 3178 1296 3216; x_wconf 90' lang='lat' dir='ltr'>more</span> <span class='ocrx_word' id='word_1_236' title='bbox 1308 3181 1384 3218; x_wconf 90' lang='lat' dir='ltr'>com·</span> 
     </span>
     <span class='ocr_line' id='line_1_28' title="bbox 401 3245 1384 3328; baseline -0.001 -21"><span class='ocrx_word' id='word_1_237' title='bbox 401 3251 525 3328; x_wconf 85' lang='lat' dir='ltr'>posuerat</span> <span class='ocrx_word' id='word_1_238' title='bbox 551 3248 658 3307; x_wconf 85' lang='lat' dir='ltr'>Gallus.</span> <span class='ocrx_word' id='word_1_239' title='bbox 712 3246 852 3305; x_wconf 77' lang='lat' dir='ltr'>Haslenus</span> <span class='ocrx_word' id='word_1_240' title='bbox 877 3248 1054 3305; x_wconf 82' lang='lat' dir='ltr'>consentanea</span> <span class='ocrx_word' id='word_1_241' title='bbox 1082 3245 1154 3319; x_wconf 87' lang='lat' dir='ltr'>sunt,</span> <span class='ocrx_word' id='word_1_242' title='bbox 1178 3264 1238 3321; x_wconf 89' lang='lat' dir='ltr'>quae</span> <span class='ocrx_word' id='word_1_243' title='bbox 1262 3247 1384 3327; x_wconf 89' lang='lat' dir='ltr'>apposui.</span> 
     </span>
     <span class='ocr_line' id='line_1_29' title="bbox 402 3334 1181 3411; baseline -0.003 -18"><span class='ocrx_word' id='word_1_244' title='bbox 402 3337 508 3395; x_wconf 83' lang='lat' dir='ltr'>Similia</span> <span class='ocrx_word' id='word_1_245' title='bbox 518 3337 573 3395; x_wconf 89' lang='lat' dir='ltr'>illis</span> <span class='ocrx_word' id='word_1_246' title='bbox 584 3336 664 3394; x_wconf 75' lang='lat' dir='ltr'>h&#39;abet</span> <span class='ocrx_word' id='word_1_247' title='bbox 678 3336 785 3393; x_wconf 86' lang='lat' dir='ltr'>Servius</span> <span class='ocrx_word' id='word_1_248' title='bbox 796 3338 830 3394; x_wconf 90' lang='lat' dir='ltr'>ad</span> <span class='ocrx_word' id='word_1_249' title='bbox 845 3336 906 3394; x_wconf 88' lang='lat' dir='ltr'>Ecl.</span> <span class='ocrx_word' id='word_1_250' title='bbox 918 3335 972 3404; x_wconf 92' lang='lat' dir='ltr'>Vl,</span> <span class='ocrx_word' id='word_1_251' title='bbox 987 3350 1022 3411; x_wconf 36' lang='lat'>7¹²</span> <span class='ocrx_word' id='word_1_252' title='bbox 1035 3350 1063 3392; x_wconf 91' lang='lat' dir='ltr'>et</span> <span class='ocrx_word' id='word_1_253' title='bbox 1077 3334 1118 3403; x_wconf 90' lang='lat' dir='ltr'>X,</span> <span class='ocrx_word' id='word_1_254' title='bbox 1134 3354 1181 3411; x_wconf 83' lang='lat'>50.</span> 
     </span>
     <span class='ocr_line' id='line_1_30' title="bbox 419 3418 1383 3504; baseline -0.004 -20"><span class='ocrx_word' id='word_1_255' title='bbox 419 3425 664 3484; x_wconf 69' lang='lat' dir='ltr'>-Enimvero&#39;viri</span> <span class='ocrx_word' id='word_1_256' title='bbox 686 3425 760 3483; x_wconf 68' lang='lat' dir='ltr'>doni</span> <span class='ocrx_word' id='word_1_257' title='bbox 780 3418 933 3504; x_wconf 83' lang='lat' dir='ltr'>suspicione</span> <span class='ocrx_word' id='word_1_258' title='bbox 953 3440 981 3483; x_wconf 87' lang='lat' dir='ltr'>et</span> <span class='ocrx_word' id='word_1_259' title='bbox 996 3424 1159 3503; x_wconf 86' lang='lat' dir='ltr'>¹opinatione</span> <span class='ocrx_word' id='word_1_260' title='bbox 1177 3424 1298 3498; x_wconf 89' lang='lat' dir='ltr'>adjecere</span> <span class='ocrx_word' id='word_1_261' title='bbox 1311 3423 1364 3481; x_wconf 90' lang='lat' dir='ltr'>alia</span> <span class='ocrx_word' id='word_1_262' title='bbox 1371 3442 1383 3494; x_wconf 85' lang='lat'>·;</span> 
     </span>
     <span class='ocr_line' id='line_1_31' title="bbox 403 3511 1385 3595; baseline -0.001 -24"><span class='ocrx_word' id='word_1_263' title='bbox 403 3514 458 3595; x_wconf 85' lang='lat' dir='ltr'>VI,</span> <span class='ocrx_word' id='word_1_264' title='bbox 490 3518 537 3593; x_wconf 88' lang='lat'>69.</span> <span class='ocrx_word' id='word_1_265' title='bbox 570 3532 608 3592; x_wconf 82' lang='lat'>70</span> <span class='ocrx_word' id='word_1_266' title='bbox 634 3516 711 3591; x_wconf 91' lang='lat' dir='ltr'>Opus</span> <span class='ocrx_word' id='word_1_267' title='bbox 736 3514 849 3591; x_wconf 90' lang='lat' dir='ltr'>aliquod</span> <span class='ocrx_word' id='word_1_268' title='bbox 874 3512 1057 3591; x_wconf 87' lang='lat' dir='ltr'>Euphorionis</span> <span class='ocrx_word' id='word_1_269' title='bbox 1088 3511 1224 3569; x_wconf 77' lang='lat' dir='ltr'>‘Hefiodei</span> <span class='ocrx_word' id='word_1_270' title='bbox 1256 3511 1385 3570; x_wconf 85' lang='lat' dir='ltr'>carminis</span> 
     </span>
     <span class='ocr_line' id='line_1_32' title="bbox 402 3599 1383 3681; baseline 0 -22"><span class='ocrx_word' id='word_1_271' title='bbox 402 3622 500 3681; x_wconf 89' lang='lat' dir='ltr'>genere</span> <span class='ocrx_word' id='word_1_272' title='bbox 524 3601 659 3677; x_wconf 83' lang='lat' dir='ltr'>scriptum</span> <span class='ocrx_word' id='word_1_273' title='bbox 674 3600 792 3679; x_wconf 91' lang='lat' dir='ltr'>respici;</span> <span class='ocrx_word' id='word_1_274' title='bbox 817 3603 891 3659; x_wconf 88' lang='lat' dir='ltr'>Cum</span> <span class='ocrx_word' id='word_1_275' title='bbox 915 3618 1004 3661; x_wconf 91' lang='lat' dir='ltr'>autem</span> <span class='ocrx_word' id='word_1_276' title='bbox 1028 3601 1199 3679; x_wconf 40' lang='lat' dir='ltr'>Euphorion*</span> <span class='ocrx_word' id='word_1_277' title='bbox 1215 3599 1334 3659; x_wconf 89' lang='lat' dir='ltr'>Varroni</span> <span class='ocrx_word' id='word_1_278' title='bbox 1354 3617 1383 3659; x_wconf 92' lang='lat' dir='ltr'>et</span> 
     </span>
     <span class='ocr_line' id='line_1_33' title="bbox 403 3692 1383 3770; baseline 0 -19"><span class='ocrx_word' id='word_1_279' title='bbox 403 3694 564 3753; x_wconf 77' lang='lat' dir='ltr'>Columella.</span> <span class='ocrx_word' id='word_1_280' title='bbox 580 3693 651 3750; x_wconf 90' lang='lat' dir='ltr'>inter</span> <span class='ocrx_word' id='word_1_281' title='bbox 668 3692 808 3770; x_wconf 82' lang='lat' dir='ltr'>scriptores</span> <span class='ocrx_word' id='word_1_282' title='bbox 821 3693 860 3751; x_wconf 89' lang='lat' dir='ltr'>rei</span> <span class='ocrx_word' id='word_1_283' title='bbox 877 3695 981 3751; x_wconf 81' lang='lat' dir='ltr'>ruslicae</span> <span class='ocrx_word' id='word_1_284' title='bbox 996 3708 1162 3760; x_wconf 89' lang='lat' dir='ltr'>numeretur,</span> <span class='ocrx_word' id='word_1_285' title='bbox 1181 3712 1288 3750; x_wconf 85' lang='lat' dir='ltr'>carmen</span> <span class='ocrx_word' id='word_1_286' title='bbox 1301 3693 1383 3762; x_wconf 91' lang='lat' dir='ltr'>illud,</span> 
     </span>
     <span class='ocr_line' id='line_1_34' title="bbox 402 3781 1384 3861; baseline -0.001 -20"><span class='ocrx_word' id='word_1_287' title='bbox 402 3784 476 3861; x_wconf 91' lang='lat' dir='ltr'>quod</span> <span class='ocrx_word' id='word_1_288' title='bbox 491 3785 607 3860; x_wconf 76' lang='lat' dir='ltr'>Hofiodus</span> <span class='ocrx_word' id='word_1_289' title='bbox 619 3781 779 3860; x_wconf 87' lang='lat' dir='ltr'>inscriptum</span> <span class='ocrx_word' id='word_1_290' title='bbox 791 3784 841 3839; x_wconf 87' lang='lat' dir='ltr'>else</span> <span class='ocrx_word' id='word_1_291' title='bbox 860 3782 995 3851; x_wconf 76' lang='lat' dir='ltr'>debuerit,</span> <span class='ocrx_word' id='word_1_292' title='bbox 1014 3798 1041 3840; x_wconf 93' lang='lat' dir='ltr'>et</span> <span class='ocrx_word' id='word_1_293' title='bbox 1060 3784 1096 3840; x_wconf 89' lang='lat' dir='ltr'>est</span> <span class='ocrx_word' id='word_1_294' title='bbox 1119 3786 1162 3861; x_wconf 85' lang='lat' dir='ltr'>ap.</span> <span class='ocrx_word' id='word_1_295' title='bbox 1183 3781 1295 3839; x_wconf 89' lang='lat' dir='ltr'>Suidam</span> <span class='ocrx_word' id='word_1_296' title='bbox 1313 3782 1384 3840; x_wconf 88' lang='lat' dir='ltr'>inter</span> 
     </span>
    </p>
   </div>
   <div class='ocr_carea' id='block_1_3' title="bbox 402 3870 1481 3950">
    <p class='ocr_par' dir='ltr' id='par_1_4' title="bbox 402 3870 1481 3950">
     <span class='ocr_line' id='line_1_35' title="bbox 402 3870 1481 3950; baseline 0.001 -21"><span class='ocrx_word' id='word_1_297' title='bbox 402 3872 584 3950; x_wconf 90' lang='lat' dir='ltr'>Euphorionis</span> <span class='ocrx_word' id='word_1_298' title='bbox 597 3870 700 3949; x_wconf 86' lang='lat' dir='ltr'>scripta</span> <span class='ocrx_word' id='word_1_299' title='bbox 718 3871 838 3941; x_wconf 72' lang='grc' dir='ltr'><strong><em>Ἡσίοδος,</em></strong></span> <span class='ocrx_word' id='word_1_300' title='bbox 859 3870 999 3949; x_wconf 83' lang='lat' dir='ltr'>Georgica</span> <span class='ocrx_word' id='word_1_301' title='bbox 1016 3871 1097 3929; x_wconf 74' lang='lat' dir='ltr'>‘fuisse</span> <span class='ocrx_word' id='word_1_302' title='bbox 1121 3872 1238 3929; x_wconf 88' lang='lat' dir='ltr'>censent.</span> <span class='ocrx_word' id='word_1_303' title='bbox 1278 3870 1383 3930; x_wconf 90' lang='lat' dir='ltr'>Verum</span> <span class='ocrx_word' id='word_1_304' title='bbox 1477 3872 1481 3890; x_wconf 79' lang='lat'><strong><em>‘</em></strong></span> 
     </span>
    </p>
   </div>
   <div class='ocr_carea' id='block_1_4' title="bbox 346 3959 1386 4305">
    <p class='ocr_par' dir='ltr' id='par_1_5' title="bbox 346 3959 1386 4218">
     <span class='ocr_line' id='line_1_36' title="bbox 401 3959 1386 4040; baseline -0.003 -20"><span class='ocrx_word' id='word_1_305' title='bbox 401 3982 465 4020; x_wconf 90' lang='lat' dir='ltr'>cum</span> <span class='ocrx_word' id='word_1_306' title='bbox 478 3975 640 4040; x_wconf 89' lang='lat' dir='ltr'>argumento</span> <span class='ocrx_word' id='word_1_307' title='bbox 657 3960 711 4017; x_wconf 91' lang='lat' dir='ltr'>hoc</span> <span class='ocrx_word' id='word_1_308' title='bbox 731 3980 826 4037; x_wconf 86' lang='lat' dir='ltr'>parum</span> <span class='ocrx_word' id='word_1_309' title='bbox 839 3959 1003 4017; x_wconf 88' lang='lat' dir='ltr'>conveniunt</span> <span class='ocrx_word' id='word_1_310' title='bbox 1015 3961 1105 4018; x_wconf 87' lang='lat' dir='ltr'>versus</span> <span class='ocrx_word' id='word_1_311' title='bbox 1120 3960 1250 4037; x_wconf 67' lang='lat' dir='ltr'>subjecti:</span> <span class='ocrx_word' id='word_1_312' title='bbox 1273 3963 1323 4019; x_wconf 83' lang='lat' dir='ltr'>His</span> <span class='ocrx_word' id='word_1_313' title='bbox 1335 3960 1386 4017; x_wconf 84' lang='lat' dir='ltr'>tibi</span> 
     </span>
     <span class='ocr_line' id='line_1_37' title="bbox 346 4048 1383 4129; baseline -0.005 -20"><span class='ocrx_word' id='word_1_314' title='bbox 346 4076 347 4080; x_wconf 76' lang='lat'>¹</span> <span class='ocrx_word' id='word_1_315' title='bbox 402 4054 499 4125; x_wconf 84' lang='lat' dir='ltr'>Grynei</span> <span class='ocrx_word' id='word_1_316' title='bbox 516 4059 618 4109; x_wconf 80' lang='lat' dir='ltr'>nemon&#39;s</span> <span class='ocrx_word' id='word_1_317' title='bbox 637 4052 738 4109; x_wconf 72' lang='lat' dir='ltr'>odiatur</span> <span class='ocrx_word' id='word_1_318' title='bbox 755 4060 822 4129; x_wconf 84' lang='lat' dir='ltr'>erigo</span> <span class='ocrx_word' id='word_1_319' title='bbox 842 4063 895 4107; x_wconf 91' lang='lat' dir='ltr'>etc.</span> <span class='ocrx_word' id='word_1_320' title='bbox 935 4048 1093 4109; x_wconf 89' lang='lat' dir='ltr'>Videndum</span> <span class='ocrx_word' id='word_1_321' title='bbox 1114 4050 1206 4129; x_wconf 90' lang='lat' dir='ltr'>itaque</span> <span class='ocrx_word' id='word_1_322' title='bbox 1225 4049 1261 4106; x_wconf 86' lang='lat' dir='ltr'>cst</span> <span class='ocrx_word' id='word_1_323' title='bbox 1284 4050 1319 4107; x_wconf 88' lang='lat' dir='ltr'>de</span> <span class='ocrx_word' id='word_1_324' title='bbox 1340 4048 1383 4105; x_wconf 85' lang='lat' dir='ltr'>his</span> 
     </span>
     <span class='ocr_line' id='line_1_38' title="bbox 400 4140 893 4218; baseline 0 -21"><span class='ocrx_word' id='word_1_325' title='bbox 400 4141 492 4218; x_wconf 90' lang='lat' dir='ltr'>paullo</span> <span class='ocrx_word' id='word_1_326' title='bbox 504 4140 717 4218; x_wconf 80' lang='lat' dir='ltr'>diligentius</span> <span class='ocrx_word' id='word_1_327' title='bbox 771 4160 774 4169; x_wconf 63' lang='lat'>‘</span> <span class='ocrx_word' id='word_1_328' title='bbox 890 4159 893 4166; x_wconf 73' lang='lat'>¹</span> 
     </span>
    </p>

    <p class='ocr_par' dir='ltr' id='par_1_6' title="bbox 439 4187 1384 4305">
     <span class='ocr_line' id='line_1_39' title="bbox 439 4187 1384 4305; baseline -0.003 -17"><span class='ocrx_word' id='word_1_329' title='bbox 439 4230 591 4305; x_wconf 81' lang='lat' dir='ltr'>Euphorion,</span> <span class='ocrx_word' id='word_1_330' title='bbox 611 4229 743 4288; x_wconf 87' lang='lat' dir='ltr'>Chalcide</span> <span class='ocrx_word' id='word_1_331' title='bbox 770 4228 892 4298; x_wconf 86' lang='lat' dir='ltr'>Euboeae,</span> <span class='ocrx_word' id='word_1_332' title='bbox 920 4244 950 4286; x_wconf 94' lang='lat' dir='ltr'>ut</span> <span class='ocrx_word' id='word_1_333' title='bbox 979 4230 1050 4298; x_wconf 86' lang='lat' dir='ltr'>dixi,</span> <span class='ocrx_word' id='word_1_334' title='bbox 1073 4187 1215 4296; x_wconf 89' lang='lat' dir='ltr'>oriundus,</span> <span class='ocrx_word' id='word_1_335' title='bbox 1248 4227 1384 4285; x_wconf 81' lang='lat' dir='ltr'>Antiochi</span> 
     </span>
    </p>
   </div>
   <div class='ocr_carea' id='block_1_5' title="bbox 399 4316 1385 4485">
    <p class='ocr_par' dir='ltr' id='par_1_7' title="bbox 399 4316 1385 4485">
     <span class='ocr_line' id='line_1_40' title="bbox 400 4316 1385 4397; baseline 0.001 -24"><span class='ocrx_word' id='word_1_336' title='bbox 400 4316 445 4374; x_wconf 83' lang='lat' dir='ltr'>M.</span> <span class='ocrx_word' id='word_1_337' title='bbox 472 4318 540 4396; x_wconf 88' lang='lat' dir='ltr'>regis</span> <span class='ocrx_word' id='word_1_338' title='bbox 573 4318 658 4393; x_wconf 84' lang='lat' dir='ltr'>Syriae</span> <span class='ocrx_word' id='word_1_339' title='bbox 692 4317 874 4377; x_wconf 71' lang='lat' dir='ltr'>bibliothecae</span> <span class='ocrx_word' id='word_1_340' title='bbox 889 4320 1046 4397; x_wconf 73' lang='lat' dir='ltr'>profestos,</span> <span class='ocrx_word' id='word_1_341' title='bbox 1079 4338 1177 4395; x_wconf 90' lang='lat' dir='ltr'>magna</span> <span class='ocrx_word' id='word_1_342' title='bbox 1209 4317 1276 4373; x_wconf 94' lang='lat' dir='ltr'>olim</span> <span class='ocrx_word' id='word_1_343' title='bbox 1312 4316 1385 4374; x_wconf 85' lang='lat' dir='ltr'>fama</span> 
     </span>
     <span class='ocr_line' id='line_1_41' title="bbox 399 4384 1385 4485; baseline -0.002 -21"><span class='ocrx_word' id='word_1_344' title='bbox 399 4384 502 4483; x_wconf 65' lang='lat' dir='ltr'>floruit.</span> <span class='ocrx_word' id='word_1_345' title='bbox 543 4405 587 4465; x_wconf 89' lang='lat' dir='ltr'>De</span> <span class='ocrx_word' id='word_1_346' title='bbox 608 4428 641 4465; x_wconf 91' lang='lat' dir='ltr'>eo</span> <span class='ocrx_word' id='word_1_347' title='bbox 663 4408 719 4485; x_wconf 85' lang='lat' dir='ltr'>post</span> <span class='ocrx_word' id='word_1_348' title='bbox 739 4406 844 4467; x_wconf 86' lang='lat' dir='ltr'>Meurs.</span> <span class='ocrx_word' id='word_1_349' title='bbox 866 4409 900 4466; x_wconf 89' lang='lat' dir='ltr'>ad</span> <span class='ocrx_word' id='word_1_350' title='bbox 925 4408 1187 4482; x_wconf 74' lang='lat' dir='ltr'>HelladiumlOpp.</span> <span class='ocrx_word' id='word_1_351' title='bbox 1201 4403 1298 4461; x_wconf 90' lang='lat' dir='ltr'>To.V</span> <span class='ocrx_word' id='word_1_352' title='bbox 1299 4405 1337 4478; x_wconf 79' lang='lat' dir='ltr'>l,l</span> <span class='ocrx_word' id='word_1_353' title='bbox 1356 4419 1385 4462; x_wconf 92' lang='lat' dir='ltr'>et</span> 
     </span>
    </p>
   </div>
   <div class='ocr_carea' id='block_1_6' title="bbox 395 4477 1384 4643">
    <p class='ocr_par' dir='ltr' id='par_1_8' title="bbox 395 4477 1384 4643">
     <span class='ocr_line' id='line_1_42' title="bbox 397 4477 1384 4640; baseline -0.003 -86"><span class='ocrx_word' id='word_1_354' title='bbox 397 4477 476 4574; x_wconf 89' lang='lat' dir='ltr'>Vols.</span> <span class='ocrx_word' id='word_1_355' title='bbox 490 4496 596 4583; x_wconf 84' lang='lat' dir='ltr'>dehist.</span> <span class='ocrx_word' id='word_1_356' title='bbox 614 4496 708 4614; x_wconf 88' lang='lat' dir='ltr'>Gr.‚l</span> <span class='ocrx_word' id='word_1_357' title='bbox 731 4517 777 4579; x_wconf 82' lang='lat'>17,</span> <span class='ocrx_word' id='word_1_358' title='bbox 797 4513 824 4558; x_wconf 90' lang='lat' dir='ltr'>et</span> <span class='ocrx_word' id='word_1_359' title='bbox 836 4498 871 4557; x_wconf 89' lang='lat' dir='ltr'>de</span> <span class='ocrx_word' id='word_1_360' title='bbox 888 4506 962 4575; x_wconf 83' lang='lat' dir='ltr'>poet</span> <span class='ocrx_word' id='word_1_361' title='bbox 977 4497 1030 4612; x_wconf 86' lang='lat' dir='ltr'>Gr.</span> <span class='ocrx_word' id='word_1_362' title='bbox 1052 4515 1077 4556; x_wconf 93' lang='lat' dir='ltr'>c.</span> <span class='ocrx_word' id='word_1_363' title='bbox 1102 4502 1198 4556; x_wconf 79' lang='lat' dir='ltr'>Scum</span> <span class='ocrx_word' id='word_1_364' title='bbox 1212 4494 1328 4640; x_wconf 61' lang='grc' dir='ltr'>(Ζεῖειιὶέ.</span> <span class='ocrx_word' id='word_1_365' title='bbox 1348 4495 1384 4551; x_wconf 93' lang='lat' dir='ltr'>ad</span> 
     </span>
     <span class='ocr_line' id='line_1_43' title="bbox 395 4600 1382 4643; baseline -0.001 1"><span class='ocrx_word' id='word_1_366' title='bbox 395 4624 398 4630; x_wconf 84' lang='lat'><strong>·</strong></span> <span class='ocrx_word' id='word_1_367' title='bbox 1169 4606 1170 4609; x_wconf 77' lang='lat'>¹</span> <span class='ocrx_word' id='word_1_368' title='bbox 1326 4600 1382 4643; x_wconf 85' lang='lat' dir='ltr'>net.</span> 
     </span>
    </p>
   </div>
   <div class='ocr_carea' id='block_1_7' title="bbox 0 0 1792 5509">
    <p class='ocr_par' dir='ltr' id='par_1_9' title="bbox 0 0 1792 5509">
     <span class='ocr_line' id='line_1_44' title="bbox 0 0 1792 5509; baseline 0 0"><span class='ocrx_word' id='word_1_369' title='bbox 0 0 1792 5509; x_wconf 95' lang='lat' dir='ltr'> </span> 
     </span>
    </p>
   </div>
  </div>
 </body>
</html>
