3575 5509
617 1259 991 1373 ECLOGA
1073 1285 1170 1375 mr

557 1469 560 1475 ’
679 1502 1102 1597 Mnnrssoeue

724 1697 1031 1721 m

490 1805 1196 1928 ·rrcunanrun.

398 2040 643 2169 Memnonos
654 2084 742 2166 pastor
752 2096 854 2154 narrat,
865 2082 905 2153 se,
924 2102 989 2142 cum
1004 2082 1174 2144 aberrantem
1187 2104 1298 2166 caprum
1310 2110 1382 2169 quae.
1465 2144 1466 2147 ,
1504 2146 1507 2160 ,

397 2209 498 2275 rebat,
516 2202 547 2260 in
571 2194 748 2272 Corydonem
770 2203 798 2268 et
821 2188 986 2267 Thyrsidem
1010 2187 1145 2258 incidisse,
1169 2190 1230 2269 qui,
1257 2192 1384 2255 allidente

398 2304 558 2388 Daphnide,
580 2311 662 2358 cantu
683 2307 758 2353 erant
770 2274 959 2361 decertaturi3
973 2292 1162 2371 obtemperasse
1176 2293 1211 2385 ‘se
1228 2295 1384 2375 Daphnidis

398 2411 562 2479 hortatibus,
573 2419 604 2466 ut
624 2402 681 2483 ipse
702 2401 822 2459 affideret
847 2413 885 2474 et
902 2411 1048 2458 cantantes¹
1066 2398 1218 2458 audiret-
1229 2420 1277 2461 20.
1293 2413 1296 2423 ’·
1310 2379 1386 2461 'Inde

396 2516 532 2592 Corydon
545 2510 654 2589 primas,
673 2506 786 2583 Thyrsis
809 2503 948 2573 secundae,
967 2517 1056 2582 partes
1067 2504 1331 2565 carmineamoebaeo
1342 2504 1386 2578 ita,

397 2616 539 2681 sustinent,
559 2625 601 2679 ut,
621 2605 850 2684 quemadmodum
863 2603 925 2663 Ecl.
939 2602 984 2660 III
999 2603 1135 2675 distichis,
1154 2606 1190 2664 fic
1203 2626 1276 2665 nunc
1288 2606 1383 2667 tetras·
1488 2670 1491 2676 ,

395 2716 492 2787 tichis,
505 2716 550 2772 seu
559 2708 693 2790 quaternis
702 2707 829 2777 veribus,
848 2706 1038 2786 comprehensa
1046 2709 1167 2768 carmina
1177 2710 1332 2780 decantent,
1343 2712 1385 2770 se-

397 2842 434 2881 na
447 2812 716 2896 uterque‚'Corydorr
726 2808 822 2870 diverfi
835 2797 946 2889 qriaeque
955 2812 1108 2892 argumenti
1117 2813 1237 2884 exorsus,
1257 2814 1385 2892 Thynia

396 2938 446 2984 aut
458 2920 557 2981 similia
570 2937 601 2977 ac
616 2914 692 2995 paria
705 2929 751 2974 aut
765 2915 901 2973 contraria
913 2915 1067 2976 afferendo:
1088 2916 1183 2976 Habet
1193 2919 1266 3000 adeo
1274 2938 1386 2979 carmem

392 3014 454 3100 'non
466 3027 584 3086 nihilex
597 3022 747 3095 dramatico
759 3040 867 3099 genere,
888 3040 944 3099 quo
955 3021 1015 3101 ipso
1035 3025 1164 3101 majorem
1176 3022 1384 3082 delectationem
1467 3031 1471 3048 ¹

361 3116 362 3120 ἵ
396 3130 474 3189 facit.
499 3130 600 3197 Locus,
614 3126 711 3203 inquo
724 3123 910 3192 consederant,
918 3125 954 3183 est
967 3124 1016 3183 sub
1028 3125 1154 3183 umbrosa
1165 3143 1265 3203 quercu
1278 3124 1385 3183 afavo·
1401 3155 1404 3165 =

398 3234 446 3293 nio
457 3234 553 3293 leviter
565 3230 679 3311 agitata,
699 3228 769 3288 inter
785 3248 866 3307 apum
878 3228 1012 3299 susurros,
1024 3227 1054 3287 in
1065 3227 1168 3288 vicinia
1180 3226 1283 3287 Mincii
1294 3225 1384 3300 sluvii,

397 3349 426 3395 et
437 3334 548 3414 quidem
558 3351 590 3391 ca
606 3338 692 3411 parte,
711 3351 765 3410 qua
779 3312 1208 3417 armenta'potuniducebantur.
1247 3321 1340 3389 Etiam
1352 3330 1384 3391 io

328 3453 331 3459 ’
396 3439 451 3498 hoc
464 3436 583 3495 carmine
595 3436 721 3514 putidum
741 3436 776 3494 est
788 3436 885 3493 referre
905 3436 1059 3515 allegorias,
1079 3454 1144 3513 quas
1162 3434 1310 3494 commenti
1321 3433 1385 3494 sunt

396 3544 574 3620 interpretes,
585 3562 647 3601 cum
660 3541 734 3599 haud
750 3541 833 3601 dubie
845 3542 916 3600 nihil
928 3543 1004 3601 aliud
1016 3542 1141 3621 spesiarit
1153 3548 1247 3622 poeta,
1256 3559 1338 3619 quarn
1350 3551 1385 3601 ut

398 3646 435 3703 ad
447 3640 606 3701 Theocritei
615 3640 711 3722 Idyllii
723 3641 766 3699 VI
783 3636 965 3702 imitationem
977 3643 1047 3702 illud
1059 3622 1189 3704 carminis
1199 3622 1322 3718 amoebaei
1333 3635 1384 3721 ge-

398 3765 450 3804 nus
461 3741 633 3823 exprimeret,
646 3725 720 3820 quod
734 3743 884 3804 narratione
895 3743 1018 3822 alicujus
1029 3743 1151 3823 pastoris,
1163 3741 1212 3821 qui
1223 3741 1383 3802 interfuerat

378 3829 553 3917 ¹certamini,
573 3849 737 3908 continetur.
783 3844 845 3907 Nec
867 3848 983 3907 omnino
1003 3843 1129 3930 magnam
1148 3847 1254 3908 inventi
1273 3848 1383 3907 laudem

397 3950 481 4012 Maro
495 3950 576 4010 habet
588 3951 618 4009 in
638 3950 693 4011 hoc
715 3952 844 4014 carmine.
883 3952 967 4013 Nova
986 3967 1044 4017 arte
1059 3972 1092 4017 ac
1111 3952 1241 4015 varietate
1260 3949 1382 4037 erpreffit
1404 3933 1421 3982 .‘
1526 3943 1529 3956 '

396 4050 530 4133 Eclogam
544 4053 680 4115 Gesneroe
692 4052 722 4114 in
734 4054 803 4133 Lyca
814 4055 839 4117 et
849 4051 956 4150 Milone.
