3575 5509
454 702 515 785 ,aa
567 699 607 776 P.
651 694 938 809 vtttcttlt
987 702 1296 782 Minurus

444 899 527 975 Hoc
542 900 716 1000 pinguem
730 918 766 975 et
781 902 954 1000 placitam
971 902 1057 978 Paci
1073 905 1229 979 nutritor
1243 907 1394 983 olivam.

491 1035 605 1109 Poma
618 1059 772 1135 quoque,
789 1055 830 1110 ut
852 1038 1017 1135 primum
1039 1056 1185 1115 truncos
1206 1041 1338 1116 sensere
1360 1070 1424 1117 va.

522 1202 526 1277 s
587 1170 705 1260 lentis,
858 1233 861 1238 a
1349 1179 1422 1275 426

440 1301 490 1378 Et
507 1306 598 1380 vires
615 1307 769 1383 habuere
783 1306 871 1397 suas,
885 1310 932 1381 ad
947 1309 1059 1382 sidera
1078 1315 1212 1407 raptim

440 1442 487 1517 vi
501 1447 645 1543 propria
662 1444 831 1530 nituntur,
846 1444 997 1548 opisque
1011 1447 1107 1519 haud
1123 1448 1248 1548 indiga
1263 1453 1406 1528 nosttae.

483 1582 563 1655 Nec
578 1584 697 1657 minus
713 1584 847 1656 interea
862 1581 935 1656 fetu
951 1605 1076 1659 nemus
1092 1609 1200 1658 omne
1213 1592 1404 1685 gravescit,

432 1721 710 1823 Sanguineisquc
728 1723 863 1798 inculta
880 1719 1008 1795 rubent
1022 1719 1153 1794 aviaria
1167 1723 1299 1799 baccis.
1345 1751 1424 1825 430

474 1961 532 2012 425.
542 1951 649 2016 placida·
660 1946 765 2014 quinque
776 1946 841 2013 apud
857 1948 951 2007 Burni,
966 1938 1165 2010 mate—426(
1177 1952 1282 2017 Pompa
1291 1958 1344 2020 jam
1353 1957 1420 2007 ven.

437 2027 524 2076 ulmus
542 2027 634 2077 Medic.
654 2043 670 2075 a
686 2042 719 2075 m.
736 2024 894 2091 pr.-428.
912 2045 950 2090 que
966 2025 1030 2077 abell
1046 2043 1061 2075 a
1078 2028 1186 2078 Parthas.
1202 2040 1228 2079 et
1242 2031 1334 2080 Gisanii
1345 2033 1423 2094 libris,

436 2102 536 2152 etfama
547 2100 831 2160 Romanovetullillimo,
841 2102 883 2166 qui
894 2112 939 2166 opes
955 2102 1008 2148 haue
1028 2102 1071 2151 suo
1090 2118 1158 2152 more
1175 2104 1263 2153 scribit.
1296 2108 1421 2171 Agnoscat

436 2178 505 2229 sutile
516 2179 620 2229 lialerum
625 2178 707 2228 versut
717 2195 731 2227 a
743 2178 914 2228 Grammaticis
921 2177 1192 2244 submissum—429.
1198 2183 1306 2248 gramsta
1313 2184 1422 2235 Mentel.

435 2260 506 2310 Leid.
538 2262 622 2325 virescit
641 2257 757 2306 Rottend.
772 2270 818 2323 pro
832 2273 882 2305 var.
903 2256 959 2305 leet.
977 2268 1002 2305 et
1016 2256 1091 2306 Goth.
1107 2274 1267 2322 pr.-·-430.
1284 2282 1322 2325 que
1332 2262 1395 2313 abest
1406 2282 1422 2313 a

435 2334 567 2385 Goth.sec.
599 2337 696 2383 alvearia
708 2333 773 2383 Gud.
783 2349 806 2381 a.
819 2348 852 2383 m.
871 2349 909 2397 pr.
944 2334 1008 2383 Mox
1025 2334 1051 2383 in
1065 2336 1178 2383 Romanu
1193 2353 1218 2385 v.
1233 2350 1282 2399 432
1297 2349 1353 2387 aute
1365 2354 1422 2389 ver.

431 2412 486 2463 sum
495 2423 542 2476 431
555 2411 662 2476 ponitur,
676 2408 747 2459 male.

422 2620 558 2696 stallum
577 2618 757 2698 quistercoret,
775 2639 901 2687 exorare:
948 2636 1009 2684 noa,
1029 2617 1122 2678 succos
1138 2617 1306 2687 necessarios,
1324 2632 1422 2699 etpra-

431 2704 478 2771 qai
497 2698 581 2754 cedat
606 2698 716 2772 (putet),
748 2718 847 2845 copem
871 2710 900 2754 et
943 2702 1060 2771 priapi,
1079 2710 1175 2755 natura
1195 2697 1251 2755 sua.
1272 2698 1346 2756 cons.
1370 2699 1419 2757 vff.

431 2769 460 2847 ξ.
485 2791 519 2829 12
532 2774 584 2830 Sed
591 2770 771 2847 idsulivetum
801 2780 899 2831 minime
949 2776 1074 2849 79—82.

431 2847 474 2912 bu,
487 2872 553 2909 anno
565 2859 641 2908 arari
654 2849 734 2917 debet,
754 2866 779 2906 et
793 2848 898 2907 bidenti·
963 2924 971 2937 ι
987 2869 1056 2926 429.
1078 2848 1170 2927 Pergit
1183 2849 1211 2907 in
1221 2848 1418 2927 argumentati·
1528 2905 1530 2911 ,

431 2925 478 2985 but
488 2924 540 2986 alte
557 2929 731 3005 circumfodiri.
771 2925 898 2986 Tandem
950 2938 1025 2983 ttone
1038 2924 1167 3003 usquead
1187 2948 1214 2986 v.
1239 2946 1315 3005 4543
1335 2946 1417 2984 exor-

430 3024 484 3063 tum
492 3027 590 3064 uomere
601 3005 685 3084 potest
695 3003 734 3061 ita
746 3003 846 3081 accipi.
867 3018 899 3064 ut
949 3002 1026 3061 navit
1038 3020 1126 3060 autem
1147 3003 1238 3061 locum
1250 3019 1310 3061 arte
1332 3003 1418 3061 mira·

429 3081 477 3149 fit,
512 3080 595 3140 (lullo
626 3101 745 3149 vomere,
776 3080 899 3144 aratione
949 3078 1010 3139 bili.
1049 3078 1157 3137 Sloleae
1175 3095 1203 3137 et
1221 3100 1302 3139 omne
1322 3099 1418 3158 pomo-

429 3156 513 3228 stlla,
531 3173 589 3229 aut,
608 3172 639 3216 ut
659 3154 824 3237 suppleatur,
843 3181 898 3216 cum
950 3176 1012 3214 rum
1032 3174 1116 3232 genua
1127 3175 1181 3213 non
1201 3157 1314 3216 eandem
1326 3176 1360 3214 ac
1373 3158 1416 3215 vi·

399 3302 401 3306 ¹
430 3235 565 3294 recluditur
596 3258 705 3295 vomere.
743 3234 776 3292 lu
808 3236 897 3292 omni-
948 3251 1005 3289 ηπ
1023 3250 1134 3311 operam
1151 3232 1310 3303 desiderant,
1329 3235 1418 3292 multo

429 3310 897 3390 buthisfimpliciffimamrationem
948 3308 1037 3366 minus
1054 3308 1156 3386 reliqua
1173 3310 1300 3368 arborum
1318 3330 1418 3387 genera

428 3389 552 3467 praeseto.
590 3409 625 3464 42
631 3412 658 3467 ς.
683 3392 756 3446 Hoc:
774 3389 813 3446 est
834 3386 897 3444 Ho-
948 3386 1065 3443 multum
1096 3385 1199 3444 laboris
1229 3386 1355 3463 exigunt,
1387 3404 1439 3447 ct·

429 3464 562 3525 natricum
599 3472 639 3545 Τῇ
662 3485 712 3544 pro
740 3464 781 3523 lul
815 3473 890 3528 τᾶτο,
948 3482 1060 3540 magnos
1073 3477 1160 3520 tamen
1170 3462 1273 3521 srullus
1285 3464 1385 3522 serunt.

428 3557 538 3620 propter
550 3544 614 3613 hoc,
632 3543 781 3621 propterea,
795 3558 825 3599 ut
838 3541 893 3600 Lu·
987 3558 1054 3617 4²9·
1076 3558 1145 3615 430.
1170 3539 1303 3599 silvestrae
1314 3541 1416 3599 arbores

428 3634 495 3676 cret.
508 3620 564 3688 IV,
587 3625 657 3698 1087
672 3635 699 3678 et
713 3620 771 3680 alii,
810 3628 896 3679 nutri.
947 3614 1048 3674 stulius
1073 3631 1101 3673 et
1126 3616 1257 3675 utilitates
1286 3617 1417 3693 plurimas

426 3711 467 3753 tor
476 3714 526 3773 pro
537 3696 645 3772 vulgati
655 3705 735 3755 nutri.
947 3691 1027 3752 nobis
1039 3693 1140 3760 ferunt,
1159 3714 1208 3751 nec
1221 3710 1310 3751 tamen
1331 3696 1413 3752 ullam

446 3772 532 3846 426.
546 3773 730 3830 Commendat
740 3778 822 3850 po'e‘ta
832 3772 893 3831 reli·
948 3771 1030 3827 aliam
1056 3790 1149 3829 cutam
1174 3771 1301 3849 exigunt,
1332 3792 1415 3848 quam

426 3867 541 3925 quarum
559 3868 667 3926 quoque
686 3848 812 3907 arborum
836 3851 896 3907 cul·
948 3862 978 3905 ut
997 3847 1121 3907 seramus.
1160 3857 1265 3916 interea,
1284 3848 1351 3905 dum
1373 3848 1415 3907 vi·

426 3938 505 3984 mm.-
534 3927 616 3999 Poma¹
634 3924 761 3983 videntur
777 3926 896 3988 ‘onmino
946 3924 1020 3983 tibus
1040 3925 1096 3982 t'am
1107 3924 1201 4002 gravia
1220 3924 1295 3983 labor
1309 3923 1415 4003 impen-

490 4001 564 4059 isera
574 4002 623 4058 effe
635 4000 756 4061 arbores.
777 4000 895 4080 Reliqua
945 4001 1030 4060 ditur.
1070 4026 1138 4060 omne
1157 4024 1251 4071 nemus,
1270 4021 1351 4059 omae
1371 4022 1414 4060 ar-

425 4021 559 4158 figmvulgp
571 4077 660 4157 accipi
677 4078 777 4135 video:
798 4095 896 4138 tsuucos
946 4076 1045 4136 borum
1076 4098 1171 4156 genus,
1189 4083 1324 4157 gravescit
1340 4085 1428 4159 seta„

414 4161 524 4235 sensere,
537 4154 635 4233 quibus
647 4154 732 4211 infitae
744 4153 804 4211 sunt
816 4155 893 4224 mali,
944 4153 1039 4229 sigila,
1056 4169 1086 4211 ut
1100 4160 1219 4236 gravida
1224 4156 1346 4234 frugibus
1368 4180 1414 4215 ar·

425 4248 454 4291 et
469 4248 532 4293 cum
544 4232 636 4292 succos
648 4250 743 4290 eorum
762 4230 792 4287 in
804 4230 831 4288 se
842 4232 890 4288 de·
945 4228 997 4299 bos,
1015 4244 1043 4288 et
1052 4230 1150 4307 Eclog.
1163 4230 1219 4301 Ill,
1239 4234 1276 4311 5⁶
1288 4256 1352 4291 nunc
1363 4256 1413 4293 om·

424 4310 557 4369 rivatunt.
610 4307 715 4367 Verum
738 4311 837 4383 sensere
862 4322 892 4366 ut
943 4312 983 4365 nis
991 4317 1106 4384 parturit
1116 4308 1328 4376 arbosssaviaria,
1338 4319 1360 4345 “
1374 4310 1413 4369 se·

462 4393 508 4447 'e'ta
523 4386 609 4454 dixit,
627 4405 678 4464 pro
696 4384 824 4450 habuere,
842 4383 890 4441 ha·
944 4394 966 4421 “
980 4398 1054 4442 creta
1066 4403 1206 4454 nemorum
1219 4405 1348 4462 quaeaves
1360 4386 1413 4445 fre·
1455 4416 1459 4420 -

479 4480 507 4533 t;
528 4464 577 4523 ubi
603 4463 683 4522 semel
717 4462 891 4520 adoleverunt
944 4470 965 4497 “
998 4461 1160 4548 quentant.’'
1209 4461 1327 4520 Servius.
1383 4465 1413 4523 A
1475 4512 1480 4529 ,

368 4594 370 4601 ,
424 4559 452 4601 et
471 4542 554 4602 tubat
575 4540 686 4601 habeut.
725 4548 797 4599 uires
810 4543 888 4615 suas,
942 4536 1070 4598 domibus
1089 4545 1179 4619 poeta
1199 4540 1235 4599 ad
1255 4539 1340 4675 filvap1
1357 4553 1412 4629 tra-

999 4646 1002 4650 *
1342 4634 1411 4679 lles·
