<?xml version="1.0" encoding="UTF-8"?>
<!DOCTYPE html PUBLIC "-//W3C//DTD XHTML 1.0 Transitional//EN"
    "http://www.w3.org/TR/xhtml1/DTD/xhtml1-transitional.dtd">
<html xmlns="http://www.w3.org/1999/xhtml" xml:lang="en" lang="en">
 <head>
  <title>
</title>
<meta http-equiv="Content-Type" content="text/html;charset=utf-8" />
  <meta name='ocr-system' content='tesseract 3.04.00' />
  <meta name='ocr-capabilities' content='ocr_page ocr_carea ocr_par ocr_line ocrx_word'/>
</head>
<body>
  <div class='ocr_page' id='page_1' title='image "./operavarietatel00virggoog/operavarietatel00virggoog_0432.png"; bbox 0 0 3575 5509; ppageno 0'>
   <div class='ocr_carea' id='block_1_1' title="bbox 399 639 1343 744">
    <p class='ocr_par' dir='ltr' id='par_1_1' title="bbox 399 639 1343 744">
     <span class='ocr_line' id='line_1_1' title="bbox 399 639 1343 744; baseline -0.007 -1"><span class='ocrx_word' id='word_1_1' title='bbox 399 657 466 744; x_wconf 77' lang='lat'>166</span> <span class='ocrx_word' id='word_1_2' title='bbox 531 663 573 739; x_wconf 83' lang='grc' dir='ltr'>Ρ.</span> <span class='ocrx_word' id='word_1_3' title='bbox 610 659 905 737; x_wconf 78' lang='lat' dir='ltr'>vr-Rcrurt</span> <span class='ocrx_word' id='word_1_4' title='bbox 954 659 1253 738; x_wconf 77' lang='lat' dir='ltr'>mnaorus</span> <span class='ocrx_word' id='word_1_5' title='bbox 1337 639 1343 650; x_wconf 78' lang='grc'><strong>“</strong></span> 
     </span>
    </p>
   </div>
   <div class='ocr_carea' id='block_1_2' title="bbox 307 856 1411 4342">
    <p class='ocr_par' dir='ltr' id='par_1_2' title="bbox 336 856 1411 2177">
     <span class='ocr_line' id='line_1_2' title="bbox 336 856 1381 940; baseline -0.004 -19"><span class='ocrx_word' id='word_1_6' title='bbox 336 903 339 914; x_wconf 80' lang='lat'>·</span> <span class='ocrx_word' id='word_1_7' title='bbox 395 862 566 931; x_wconf 67' lang='lat' dir='ltr'>suavitatem</span> <span class='ocrx_word' id='word_1_8' title='bbox 587 858 705 940; x_wconf 85' lang='lat' dir='ltr'>primum</span> <span class='ocrx_word' id='word_1_9' title='bbox 719 859 748 917; x_wconf 88' lang='lat' dir='ltr'>in</span> <span class='ocrx_word' id='word_1_10' title='bbox 759 877 804 928; x_wconf 84' lang='lat' dir='ltr'>co,</span> <span class='ocrx_word' id='word_1_11' title='bbox 817 858 891 937; x_wconf 89' lang='lat' dir='ltr'>quod</span> <span class='ocrx_word' id='word_1_12' title='bbox 905 857 1008 928; x_wconf 83' lang='lat' dir='ltr'>omnia,</span> <span class='ocrx_word' id='word_1_13' title='bbox 1021 856 1056 916; x_wconf 88' lang='lat' dir='ltr'>ad</span> <span class='ocrx_word' id='word_1_14' title='bbox 1078 857 1209 936; x_wconf 86' lang='lat' dir='ltr'>majorem</span> <span class='ocrx_word' id='word_1_15' title='bbox 1220 856 1299 917; x_wconf 86' lang='lat' dir='ltr'>Galli</span> <span class='ocrx_word' id='word_1_16' title='bbox 1312 857 1381 936; x_wconf 77' lang='lat' dir='ltr'>dig·</span> 
     </span>
     <span class='ocr_line' id='line_1_3' title="bbox 395 961 1379 1044; baseline -0.006 -17"><span class='ocrx_word' id='word_1_17' title='bbox 395 966 518 1044; x_wconf 73' lang='lat' dir='ltr'>nitatem,</span> <span class='ocrx_word' id='word_1_18' title='bbox 532 985 586 1025; x_wconf 92' lang='lat' dir='ltr'>non</span> <span class='ocrx_word' id='word_1_19' title='bbox 598 965 681 1023; x_wconf 89' lang='lat' dir='ltr'>modo</span> <span class='ocrx_word' id='word_1_20' title='bbox 694 964 826 1024; x_wconf 82' lang='lat' dir='ltr'>advitam</span> <span class='ocrx_word' id='word_1_21' title='bbox 840 963 1018 1042; x_wconf 80' lang='lat' dir='ltr'>pastoritiam,</span> <span class='ocrx_word' id='word_1_22' title='bbox 1029 961 1076 1022; x_wconf 85' lang='lat' dir='ltr'>sed</span> <span class='ocrx_word' id='word_1_23' title='bbox 1094 963 1130 1021; x_wconf 80' lang='lat' dir='ltr'>ad</span> <span class='ocrx_word' id='word_1_24' title='bbox 1144 973 1269 1042; x_wconf 82' lang='lat' dir='ltr'>tempora</span> <span class='ocrx_word' id='word_1_25' title='bbox 1288 961 1379 1021; x_wconf 85' lang='lat' dir='ltr'>beroi-</span> 
     </span>
     <span class='ocr_line' id='line_1_4' title="bbox 393 1061 1377 1148; baseline -0.009 -17"><span class='ocrx_word' id='word_1_26' title='bbox 393 1092 439 1142; x_wconf 85' lang='lat' dir='ltr'>ca,</span> <span class='ocrx_word' id='word_1_27' title='bbox 459 1070 489 1128; x_wconf 90' lang='lat' dir='ltr'>in</span> <span class='ocrx_word' id='word_1_28' title='bbox 508 1068 605 1148; x_wconf 89' lang='lat' dir='ltr'>quibus</span> <span class='ocrx_word' id='word_1_29' title='bbox 616 1065 734 1148; x_wconf 85' lang='lat' dir='ltr'>permisti</span> <span class='ocrx_word' id='word_1_30' title='bbox 749 1066 909 1125; x_wconf 82' lang='lat' dir='ltr'>mortalibus</span> <span class='ocrx_word' id='word_1_31' title='bbox 920 1065 978 1125; x_wconf 84' lang='lat' dir='ltr'>divi</span> <span class='ocrx_word' id='word_1_32' title='bbox 990 1065 1123 1135; x_wconf 85' lang='lat' dir='ltr'>viverent,</span> <span class='ocrx_word' id='word_1_33' title='bbox 1135 1066 1220 1125; x_wconf 82' lang='lat' dir='ltr'>relata</span> <span class='ocrx_word' id='word_1_34' title='bbox 1230 1079 1260 1125; x_wconf 86' lang='lat' dir='ltr'>et</span> <span class='ocrx_word' id='word_1_35' title='bbox 1270 1083 1306 1123; x_wconf 82' lang='lat' dir='ltr'>ex</span> <span class='ocrx_word' id='word_1_36' title='bbox 1318 1061 1377 1123; x_wconf 86' lang='lat' dir='ltr'>sen·</span> 
     </span>
     <span class='ocr_line' id='line_1_5' title="bbox 396 1168 1379 1249; baseline -0.006 -17"><span class='ocrx_word' id='word_1_37' title='bbox 396 1173 503 1232; x_wconf 81' lang='lat' dir='ltr'>sibuset</span> <span class='ocrx_word' id='word_1_38' title='bbox 515 1169 688 1249; x_wconf 82' lang='lat' dir='ltr'>opinionibus</span> <span class='ocrx_word' id='word_1_39' title='bbox 708 1168 818 1227; x_wconf 88' lang='lat' dir='ltr'>istorum</span> <span class='ocrx_word' id='word_1_40' title='bbox 840 1168 998 1228; x_wconf 86' lang='lat' dir='ltr'>saeculorum</span> <span class='ocrx_word' id='word_1_41' title='bbox 1017 1168 1178 1228; x_wconf 83' lang='lat' dir='ltr'>adumbrata</span> <span class='ocrx_word' id='word_1_42' title='bbox 1199 1168 1279 1239; x_wconf 87' lang='lat' dir='ltr'>sunt;</span> <span class='ocrx_word' id='word_1_43' title='bbox 1297 1185 1379 1245; x_wconf 79' lang='lat' dir='ltr'>quate</span> 
     </span>
     <span class='ocr_line' id='line_1_6' title="bbox 394 1260 1378 1350; baseline -0.005 -17"><span class='ocrx_word' id='word_1_44' title='bbox 394 1274 478 1334; x_wconf 86' lang='lat' dir='ltr'>etiam</span> <span class='ocrx_word' id='word_1_45' title='bbox 490 1274 559 1331; x_wconf 87' lang='lat' dir='ltr'>ferre</span> <span class='ocrx_word' id='word_1_46' title='bbox 571 1271 709 1336; x_wconf 84' lang='lat' dir='ltr'>debemus,</span> <span class='ocrx_word' id='word_1_47' title='bbox 729 1272 748 1328; x_wconf 88' lang='lat' dir='ltr'>sr</span> <span class='ocrx_word' id='word_1_48' title='bbox 771 1260 831 1347; x_wconf 84' lang='lat' dir='ltr'>quae</span> <span class='ocrx_word' id='word_1_49' title='bbox 842 1272 934 1350; x_wconf 89' lang='lat' dir='ltr'>paullo</span> <span class='ocrx_word' id='word_1_50' title='bbox 954 1269 1051 1330; x_wconf 82' lang='lat' dir='ltr'>altiore</span> <span class='ocrx_word' id='word_1_51' title='bbox 1074 1289 1107 1331; x_wconf 88' lang='lat' dir='ltr'>ac</span> <span class='ocrx_word' id='word_1_52' title='bbox 1130 1271 1259 1349; x_wconf 79' lang='lat' dir='ltr'>graviore</span> <span class='ocrx_word' id='word_1_53' title='bbox 1279 1269 1378 1349; x_wconf 89' lang='lat' dir='ltr'>spiritu</span> 
     </span>
     <span class='ocr_line' id='line_1_7' title="bbox 396 1369 1378 1453; baseline 0 -20"><span class='ocrx_word' id='word_1_54' title='bbox 396 1376 444 1433; x_wconf 91' lang='lat' dir='ltr'>hic</span> <span class='ocrx_word' id='word_1_55' title='bbox 457 1375 530 1433; x_wconf 81' lang='lat' dir='ltr'>disia</span> <span class='ocrx_word' id='word_1_56' title='bbox 542 1371 718 1451; x_wconf 82' lang='lat' dir='ltr'>reperiamus;</span> <span class='ocrx_word' id='word_1_57' title='bbox 738 1370 837 1430; x_wconf 88' lang='lat' dir='ltr'>deinde</span> <span class='ocrx_word' id='word_1_58' title='bbox 850 1393 916 1432; x_wconf 86' lang='lat' dir='ltr'>vero</span> <span class='ocrx_word' id='word_1_59' title='bbox 932 1372 1061 1451; x_wconf 84' lang='lat' dir='ltr'>quoniam</span> <span class='ocrx_word' id='word_1_60' title='bbox 1077 1372 1235 1452; x_wconf 78' lang='lat' dir='ltr'>impotentia</span> <span class='ocrx_word' id='word_1_61' title='bbox 1250 1388 1277 1433; x_wconf 84' lang='lat' dir='ltr'>et</span> <span class='ocrx_word' id='word_1_62' title='bbox 1295 1369 1378 1453; x_wconf 81' lang='lat' dir='ltr'>spreti</span> 
     </span>
     <span class='ocr_line' id='line_1_8' title="bbox 398 1473 1411 1556; baseline -0.004 -19"><span class='ocrx_word' id='word_1_63' title='bbox 398 1478 498 1537; x_wconf 80' lang='lat' dir='ltr'>amoris</span> <span class='ocrx_word' id='word_1_64' title='bbox 509 1478 582 1535; x_wconf 82' lang='lat' dir='ltr'>aeslus</span> <span class='ocrx_word' id='word_1_65' title='bbox 595 1476 641 1534; x_wconf 90' lang='lat' dir='ltr'>ille</span> <span class='ocrx_word' id='word_1_66' title='bbox 653 1495 684 1532; x_wconf 87' lang='lat' dir='ltr'>ac</span> <span class='ocrx_word' id='word_1_67' title='bbox 698 1475 786 1543; x_wconf 84' lang='lat' dir='ltr'>furor,</span> <span class='ocrx_word' id='word_1_68' title='bbox 805 1475 942 1547; x_wconf 81' lang='lat' dir='ltr'>inomnes</span> <span class='ocrx_word' id='word_1_69' title='bbox 955 1491 1042 1555; x_wconf 76' lang='lat' dir='ltr'>parter</span> <span class='ocrx_word' id='word_1_70' title='bbox 1058 1476 1180 1535; x_wconf 87' lang='lat' dir='ltr'>animum</span> <span class='ocrx_word' id='word_1_71' title='bbox 1199 1475 1313 1556; x_wconf 78' lang='lat' dir='ltr'>rapient,</span> <span class='ocrx_word' id='word_1_72' title='bbox 1329 1473 1377 1553; x_wconf 86' lang='lat' dir='ltr'>ip·</span> <span class='ocrx_word' id='word_1_73' title='bbox 1408 1482 1411 1489; x_wconf 88' lang='lat'>&#39;</span> 
     </span>
     <span class='ocr_line' id='line_1_9' title="bbox 398 1576 1377 1660; baseline -0.004 -21"><span class='ocrx_word' id='word_1_74' title='bbox 398 1582 457 1639; x_wconf 90' lang='lat' dir='ltr'>sum</span> <span class='ocrx_word' id='word_1_75' title='bbox 477 1578 590 1657; x_wconf 84' lang='lat' dir='ltr'>legentis</span> <span class='ocrx_word' id='word_1_76' title='bbox 612 1577 733 1636; x_wconf 89' lang='lat' dir='ltr'>animum</span> <span class='ocrx_word' id='word_1_77' title='bbox 756 1598 933 1656; x_wconf 34' lang='lat' dir='ltr'>commovere,</span> <span class='ocrx_word' id='word_1_78' title='bbox 947 1579 1069 1649; x_wconf 67' lang='lat' dir='ltr'>videtum</span> <span class='ocrx_word' id='word_1_79' title='bbox 1092 1599 1256 1660; x_wconf 80' lang='lat' dir='ltr'>quamquam</span> <span class='ocrx_word' id='word_1_80' title='bbox 1274 1580 1324 1639; x_wconf 84' lang='lat' dir='ltr'>bac</span> <span class='ocrx_word' id='word_1_81' title='bbox 1344 1576 1377 1635; x_wconf 89' lang='lat' dir='ltr'>in</span> 
     </span>
     <span class='ocr_line' id='line_1_10' title="bbox 398 1678 1378 1762; baseline 0 -23"><span class='ocrx_word' id='word_1_82' title='bbox 398 1697 474 1760; x_wconf 84' lang='lat' dir='ltr'>parte</span> <span class='ocrx_word' id='word_1_83' title='bbox 486 1679 632 1739; x_wconf 90' lang='lat' dir='ltr'>Theocriti</span> <span class='ocrx_word' id='word_1_84' title='bbox 642 1678 761 1757; x_wconf 85' lang='lat' dir='ltr'>vestigiis</span> <span class='ocrx_word' id='word_1_85' title='bbox 773 1679 881 1751; x_wconf 85' lang='lat' dir='ltr'>institit,</span> <span class='ocrx_word' id='word_1_86' title='bbox 900 1678 985 1758; x_wconf 86' lang='lat' dir='ltr'>Idyll,</span> <span class='ocrx_word' id='word_1_87' title='bbox 1004 1681 1031 1751; x_wconf 93' lang='lat' dir='ltr'>I,</span> <span class='ocrx_word' id='word_1_88' title='bbox 1050 1681 1134 1749; x_wconf 88' lang='lat' dir='ltr'>unde,</span> <span class='ocrx_word' id='word_1_89' title='bbox 1152 1702 1211 1762; x_wconf 70' lang='lat' dir='ltr'>que</span> <span class='ocrx_word' id='word_1_90' title='bbox 1225 1682 1262 1741; x_wconf 90' lang='lat' dir='ltr'>de</span> <span class='ocrx_word' id='word_1_91' title='bbox 1281 1678 1378 1759; x_wconf 82' lang='lat' dir='ltr'>Daph-</span> 
     </span>
     <span class='ocr_line' id='line_1_11' title="bbox 400 1781 1380 1852; baseline -0.002 -8"><span class='ocrx_word' id='word_1_92' title='bbox 400 1786 465 1844; x_wconf 91' lang='lat' dir='ltr'>nide</span> <span class='ocrx_word' id='word_1_93' title='bbox 477 1785 549 1843; x_wconf 75' lang='lat' dir='ltr'>dicia</span> <span class='ocrx_word' id='word_1_94' title='bbox 560 1797 646 1852; x_wconf 88' lang='lat' dir='ltr'>erant,</span> <span class='ocrx_word' id='word_1_95' title='bbox 664 1783 696 1841; x_wconf 90' lang='lat' dir='ltr'>in</span> <span class='ocrx_word' id='word_1_96' title='bbox 715 1782 830 1841; x_wconf 86' lang='lat' dir='ltr'>Gallum</span> <span class='ocrx_word' id='word_1_97' title='bbox 848 1784 991 1851; x_wconf 84' lang='lat' dir='ltr'>transtulit,</span> <span class='ocrx_word' id='word_1_98' title='bbox 1010 1796 1042 1842; x_wconf 90' lang='lat' dir='ltr'>ut</span> <span class='ocrx_word' id='word_1_99' title='bbox 1060 1784 1147 1842; x_wconf 81' lang='lat' dir='ltr'>multa</span> <span class='ocrx_word' id='word_1_100' title='bbox 1163 1797 1265 1844; x_wconf 78' lang='lat' dir='ltr'>nutum</span> <span class='ocrx_word' id='word_1_101' title='bbox 1282 1781 1380 1842; x_wconf 67' lang='lat' dir='ltr'>latini:</span> 
     </span>
     <span class='ocr_line' id='line_1_12' title="bbox 400 1887 1379 1974; baseline -0.003 -25"><span class='ocrx_word' id='word_1_102' title='bbox 400 1890 488 1949; x_wconf 86' lang='lat' dir='ltr'>verbis</span> <span class='ocrx_word' id='word_1_103' title='bbox 500 1887 659 1957; x_wconf 86' lang='lat' dir='ltr'>reddiderit,</span> <span class='ocrx_word' id='word_1_104' title='bbox 670 1888 701 1947; x_wconf 92' lang='lat' dir='ltr'>in</span> <span class='ocrx_word' id='word_1_105' title='bbox 712 1888 773 1947; x_wconf 87' lang='lat' dir='ltr'>aliis</span> <span class='ocrx_word' id='word_1_106' title='bbox 785 1904 873 1947; x_wconf 89' lang='lat' dir='ltr'>autem</span> <span class='ocrx_word' id='word_1_107' title='bbox 885 1909 949 1947; x_wconf 89' lang='lat' dir='ltr'>cum</span> <span class='ocrx_word' id='word_1_108' title='bbox 961 1908 995 1946; x_wconf 84' lang='lat' dir='ltr'>oo</span> <span class='ocrx_word' id='word_1_109' title='bbox 1006 1890 1149 1948; x_wconf 88' lang='lat' dir='ltr'>certaverit</span> <span class='ocrx_word' id='word_1_110' title='bbox 1155 1911 1165 1958; x_wconf 81' lang='lat'>3</span> <span class='ocrx_word' id='word_1_111' title='bbox 1176 1888 1294 1948; x_wconf 83' lang='lat' dir='ltr'>universe</span> <span class='ocrx_word' id='word_1_112' title='bbox 1308 1905 1379 1974; x_wconf 75' lang='lat' dir='ltr'>vero</span> 
     </span>
     <span class='ocr_line' id='line_1_13' title="bbox 401 1977 1380 2071; baseline -0.003 -18"><span class='ocrx_word' id='word_1_113' title='bbox 401 2015 418 2054; x_wconf 92' lang='lat' dir='ltr'>a</span> <span class='ocrx_word' id='word_1_114' title='bbox 430 1992 600 2071; x_wconf 74' lang='lat' dir='ltr'>simplicitate</span> <span class='ocrx_word' id='word_1_115' title='bbox 612 2006 639 2050; x_wconf 86' lang='lat' dir='ltr'>et</span> <span class='ocrx_word' id='word_1_116' title='bbox 656 1991 790 2051; x_wconf 81' lang='lat' dir='ltr'>venustate</span> <span class='ocrx_word' id='word_1_117' title='bbox 801 1990 934 2070; x_wconf 82' lang='lat' dir='ltr'>pastoritii</span> <span class='ocrx_word' id='word_1_118' title='bbox 949 1990 1076 2051; x_wconf 80' lang='lat' dir='ltr'>carminis</span> <span class='ocrx_word' id='word_1_119' title='bbox 1088 2008 1116 2054; x_wconf 88' lang='lat' dir='ltr'>et</span> <span class='ocrx_word' id='word_1_120' title='bbox 1133 1990 1296 2052; x_wconf 59' lang='lat' dir='ltr'>Theocrito</span> <span class='ocrx_word' id='word_1_121' title='bbox 1314 1977 1380 2051; x_wconf 77' lang='lat' dir='ltr'>sui·</span> 
     </span>
     <span class='ocr_line' id='line_1_14' title="bbox 401 2096 823 2177; baseline -0.009 -18"><span class='ocrx_word' id='word_1_122' title='bbox 401 2098 485 2160; x_wconf 81' lang='lat' dir='ltr'>vitate</span> <span class='ocrx_word' id='word_1_123' title='bbox 497 2098 527 2156; x_wconf 91' lang='lat' dir='ltr'>in</span> <span class='ocrx_word' id='word_1_124' title='bbox 539 2096 671 2177; x_wconf 89' lang='lat' dir='ltr'>plerisque</span> <span class='ocrx_word' id='word_1_125' title='bbox 683 2096 823 2156; x_wconf 78' lang='lat' dir='ltr'>recesserit.</span> 
     </span>
    </p>

    <p class='ocr_par' dir='ltr' id='par_1_3' title="bbox 307 2198 1393 4342">
     <span class='ocr_line' id='line_1_15' title="bbox 441 2198 1381 2282; baseline 0.001 -21"><span class='ocrx_word' id='word_1_126' title='bbox 441 2203 503 2278; x_wconf 88' lang='lat' dir='ltr'>Jam</span> <span class='ocrx_word' id='word_1_127' title='bbox 524 2203 560 2261; x_wconf 89' lang='lat' dir='ltr'>de</span> <span class='ocrx_word' id='word_1_128' title='bbox 583 2202 697 2277; x_wconf 83' lang='lat' dir='ltr'>Lycoride</span> <span class='ocrx_word' id='word_1_129' title='bbox 717 2199 822 2259; x_wconf 84' lang='lat' dir='ltr'>addunt</span> <span class='ocrx_word' id='word_1_130' title='bbox 839 2199 998 2278; x_wconf 79' lang='lat' dir='ltr'>Interprerer</span> <span class='ocrx_word' id='word_1_131' title='bbox 1014 2198 1108 2261; x_wconf 84' lang='lat' dir='ltr'>Servio</span> <span class='ocrx_word' id='word_1_132' title='bbox 1126 2202 1212 2262; x_wconf 86' lang='lat' dir='ltr'>duce:</span> <span class='ocrx_word' id='word_1_133' title='bbox 1230 2200 1310 2263; x_wconf 77' lang='lat' dir='ltr'>soille</span> <span class='ocrx_word' id='word_1_134' title='bbox 1323 2202 1381 2282; x_wconf 83' lang='lat' dir='ltr'>ejua</span> 
     </span>
     <span class='ocr_line' id='line_1_16' title="bbox 402 2301 1380 2380; baseline 0.003 -16"><span class='ocrx_word' id='word_1_135' title='bbox 402 2324 494 2364; x_wconf 83' lang='lat' dir='ltr'>verum</span> <span class='ocrx_word' id='word_1_136' title='bbox 507 2323 607 2362; x_wconf 87' lang='lat' dir='ltr'>nomen</span> <span class='ocrx_word' id='word_1_137' title='bbox 614 2301 782 2380; x_wconf 74' lang='lat' dir='ltr'>Cytheridem,</span> <span class='ocrx_word' id='word_1_138' title='bbox 787 2316 814 2362; x_wconf 83' lang='lat' dir='ltr'>et</span> <span class='ocrx_word' id='word_1_139' title='bbox 823 2303 874 2361; x_wconf 83' lang='lat' dir='ltr'>elle</span> <span class='ocrx_word' id='word_1_140' title='bbox 879 2321 946 2362; x_wconf 77' lang='lat' dir='ltr'>‚eam</span> <span class='ocrx_word' id='word_1_141' title='bbox 957 2302 1079 2364; x_wconf 85' lang='lat' dir='ltr'>eamdem</span> <span class='ocrx_word' id='word_1_142' title='bbox 1092 2323 1155 2364; x_wconf 86' lang='lat' dir='ltr'>cum</span> <span class='ocrx_word' id='word_1_143' title='bbox 1164 2303 1284 2366; x_wconf 68' lang='lat' dir='ltr'>munii</span> <span class='ocrx_word' id='word_1_144' title='bbox 1293 2306 1380 2367; x_wconf 83' lang='lat' dir='ltr'>amica</span> 
     </span>
     <span class='ocr_line' id='line_1_17' title="bbox 402 2403 1380 2486; baseline 0.004 -20"><span class='ocrx_word' id='word_1_145' title='bbox 402 2409 462 2472; x_wconf 84' lang='lat' dir='ltr'>illa,</span> <span class='ocrx_word' id='word_1_146' title='bbox 482 2406 576 2474; x_wconf 87' lang='lat' dir='ltr'>mima,</span> <span class='ocrx_word' id='word_1_147' title='bbox 589 2424 625 2463; x_wconf 82' lang='lat' dir='ltr'>ex</span> <span class='ocrx_word' id='word_1_148' title='bbox 639 2406 782 2466; x_wconf 78' lang='lat' dir='ltr'>Ciceronis</span> <span class='ocrx_word' id='word_1_149' title='bbox 795 2403 912 2484; x_wconf 88' lang='lat' dir='ltr'>Philipp.</span> <span class='ocrx_word' id='word_1_150' title='bbox 926 2406 968 2473; x_wconf 93' lang='lat' dir='ltr'>II,</span> <span class='ocrx_word' id='word_1_151' title='bbox 983 2427 1030 2484; x_wconf 86' lang='lat'>²4·</span> <span class='ocrx_word' id='word_1_152' title='bbox 1049 2426 1098 2486; x_wconf 69' lang='grc' dir='ltr'>ις,</span> <span class='ocrx_word' id='word_1_153' title='bbox 1115 2407 1151 2466; x_wconf 83' lang='lat' dir='ltr'>ad</span> <span class='ocrx_word' id='word_1_154' title='bbox 1163 2408 1229 2467; x_wconf 85' lang='lat' dir='ltr'>Art.</span> <span class='ocrx_word' id='word_1_155' title='bbox 1241 2405 1287 2478; x_wconf 87' lang='lat' dir='ltr'>X,</span> <span class='ocrx_word' id='word_1_156' title='bbox 1306 2427 1342 2472; x_wconf 81' lang='grc' dir='ltr'>ιο</span> <span class='ocrx_word' id='word_1_157' title='bbox 1352 2424 1380 2470; x_wconf 83' lang='lat' dir='ltr'>et</span> 
     </span>
     <span class='ocr_line' id='line_1_18' title="bbox 405 2506 1380 2595; baseline 0.005 -25"><span class='ocrx_word' id='word_1_158' title='bbox 405 2510 454 2579; x_wconf 84' lang='lat'>16,</span> <span class='ocrx_word' id='word_1_159' title='bbox 472 2510 507 2567; x_wconf 91' lang='lat' dir='ltr'>ad</span> <span class='ocrx_word' id='word_1_160' title='bbox 521 2508 590 2570; x_wconf 81' lang='lat' dir='ltr'>Diu.</span> <span class='ocrx_word' id='word_1_161' title='bbox 602 2508 660 2579; x_wconf 91' lang='lat' dir='ltr'>IX,</span> <span class='ocrx_word' id='word_1_162' title='bbox 681 2509 728 2570; x_wconf 84' lang='lat'>26.</span> <span class='ocrx_word' id='word_1_163' title='bbox 744 2507 821 2568; x_wconf 81' lang='lat' dir='ltr'>cous.</span> <span class='ocrx_word' id='word_1_164' title='bbox 847 2509 984 2570; x_wconf 83' lang='lat' dir='ltr'><strong>Plutarch.</strong></span> <span class='ocrx_word' id='word_1_165' title='bbox 1007 2506 1076 2569; x_wconf 89' lang='lat' dir='ltr'>Vita</span> <span class='ocrx_word' id='word_1_166' title='bbox 1095 2510 1214 2570; x_wconf 81' lang='lat' dir='ltr'>Antonii</span> <span class='ocrx_word' id='word_1_167' title='bbox 1225 2533 1255 2593; x_wconf 78' lang='lat' dir='ltr'>p.</span> <span class='ocrx_word' id='word_1_168' title='bbox 1282 2535 1321 2595; x_wconf 85' lang='lat'>74</span> <span class='ocrx_word' id='word_1_169' title='bbox 1335 2513 1380 2576; x_wconf 82' lang='lat' dir='ltr'>ed.</span> 
     </span>
     <span class='ocr_line' id='line_1_19' title="bbox 403 2607 1381 2692; baseline 0.007 -16"><span class='ocrx_word' id='word_1_170' title='bbox 403 2611 678 2683; x_wconf 77' lang='lat' dir='ltr'>Brian.P1in.v111,</span> <span class='ocrx_word' id='word_1_171' title='bbox 702 2614 737 2674; x_wconf 85' lang='lat'>16</span> <span class='ocrx_word' id='word_1_172' title='bbox 754 2612 863 2682; x_wconf 80' lang='lat' dir='ltr'>infami,</span> <span class='ocrx_word' id='word_1_173' title='bbox 881 2616 958 2692; x_wconf 82' lang='lat' dir='ltr'>cujus</span> <span class='ocrx_word' id='word_1_174' title='bbox 974 2632 1073 2674; x_wconf 83' lang='lat' dir='ltr'>nomen</span> <span class='ocrx_word' id='word_1_175' title='bbox 1092 2607 1260 2679; x_wconf 45' lang='lat' dir='ltr'>remm&#39;fuit</span> <span class='ocrx_word' id='word_1_176' title='bbox 1282 2620 1381 2683; x_wconf 74' lang='lat' dir='ltr'>Volan-</span> 
     </span>
     <span class='ocr_line' id='line_1_20' title="bbox 403 2714 1382 2798; baseline 0.006 -20"><span class='ocrx_word' id='word_1_177' title='bbox 403 2729 460 2788; x_wconf 84' lang='lat' dir='ltr'>m‘a,</span> <span class='ocrx_word' id='word_1_178' title='bbox 479 2716 608 2795; x_wconf 89' lang='lat' dir='ltr'>quoniam</span> <span class='ocrx_word' id='word_1_179' title='bbox 627 2715 774 2774; x_wconf 88' lang='lat' dir='ltr'>Volumnii</span> <span class='ocrx_word' id='word_1_180' title='bbox 798 2714 938 2794; x_wconf 85' lang='lat' dir='ltr'>Eutrapeli</span> <span class='ocrx_word' id='word_1_181' title='bbox 964 2717 1061 2777; x_wconf 82' lang='lat' dir='ltr'>liberta</span> <span class='ocrx_word' id='word_1_182' title='bbox 1086 2715 1160 2778; x_wconf 77' lang='lat' dir='ltr'>effet-</span> <span class='ocrx_word' id='word_1_183' title='bbox 1210 2718 1299 2798; x_wconf 71' lang='lat' dir='ltr'>Quod</span> <span class='ocrx_word' id='word_1_184' title='bbox 1318 2743 1382 2784; x_wconf 88' lang='lat' dir='ltr'>cum</span> 
     </span>
     <span class='ocr_line' id='line_1_21' title="bbox 403 2815 1383 2895; baseline 0.01 -19"><span class='ocrx_word' id='word_1_185' title='bbox 403 2817 470 2876; x_wconf 86' lang='lat' dir='ltr'>ferri</span> <span class='ocrx_word' id='word_1_186' title='bbox 487 2816 580 2895; x_wconf 79' lang='lat' dir='ltr'>possit:</span> <span class='ocrx_word' id='word_1_187' title='bbox 602 2815 672 2880; x_wconf 85' lang='lat' dir='ltr'>illud</span> <span class='ocrx_word' id='word_1_188' title='bbox 688 2817 813 2886; x_wconf 88' lang='lat' dir='ltr'>alterum,</span> <span class='ocrx_word' id='word_1_189' title='bbox 834 2817 922 2895; x_wconf 89' lang='lat' dir='ltr'>quod,</span> <span class='ocrx_word' id='word_1_190' title='bbox 937 2818 972 2882; x_wconf 84' lang='lat' dir='ltr'>de</span> <span class='ocrx_word' id='word_1_191' title='bbox 993 2832 1145 2894; x_wconf 79' lang='lat' dir='ltr'>temporum</span> <span class='ocrx_word' id='word_1_192' title='bbox 1161 2818 1269 2880; x_wconf 83' lang='lat' dir='ltr'>ratione</span> <span class='ocrx_word' id='word_1_193' title='bbox 1284 2821 1383 2894; x_wconf 82' lang='lat' dir='ltr'>securi,</span> 
     </span>
     <span class='ocr_line' id='line_1_22' title="bbox 404 2918 1384 3004; baseline 0.004 -23"><span class='ocrx_word' id='word_1_194' title='bbox 404 2922 572 2981; x_wconf 87' lang='lat' dir='ltr'>contendunt</span> <span class='ocrx_word' id='word_1_195' title='bbox 582 2939 616 2978; x_wconf 83' lang='lat' dir='ltr'>ex</span> <span class='ocrx_word' id='word_1_196' title='bbox 628 2919 722 3004; x_wconf 83' lang='lat' dir='ltr'>Servio</span> <span class='ocrx_word' id='word_1_197' title='bbox 735 2918 771 2977; x_wconf 88' lang='lat' dir='ltr'>ad</span> <span class='ocrx_word' id='word_1_198' title='bbox 791 2940 818 2977; x_wconf 86' lang='lat' dir='ltr'>v.</span> <span class='ocrx_word' id='word_1_199' title='bbox 833 2939 860 2986; x_wconf 91' lang='lat'>1,</span> <span class='ocrx_word' id='word_1_200' title='bbox 878 2939 937 2978; x_wconf 87' lang='lat' dir='ltr'>eam</span> <span class='ocrx_word' id='word_1_201' title='bbox 950 2926 1090 2998; x_wconf 77' lang='lat' dir='ltr'>propterea</span> <span class='ocrx_word' id='word_1_202' title='bbox 1101 2920 1216 2984; x_wconf 81' lang='lat' dir='ltr'>Gallum</span> <span class='ocrx_word' id='word_1_203' title='bbox 1227 2923 1384 3000; x_wconf 74' lang='lat' dir='ltr'>destituisse,</span> 
     </span>
     <span class='ocr_line' id='line_1_23' title="bbox 406 3018 1383 3113; baseline 0.01 -28"><span class='ocrx_word' id='word_1_204' title='bbox 406 3028 482 3105; x_wconf 91' lang='lat' dir='ltr'>quod</span> <span class='ocrx_word' id='word_1_205' title='bbox 494 3025 646 3099; x_wconf 82' lang='lat' dir='ltr'>Antonium</span> <span class='ocrx_word' id='word_1_206' title='bbox 658 3026 693 3085; x_wconf 91' lang='lat' dir='ltr'>ad</span> <span class='ocrx_word' id='word_1_207' title='bbox 706 3025 813 3084; x_wconf 83' lang='lat' dir='ltr'>Gallias</span> <span class='ocrx_word' id='word_1_208' title='bbox 823 3040 932 3084; x_wconf 89' lang='lat' dir='ltr'>euntem</span> <span class='ocrx_word' id='word_1_209' title='bbox 948 3026 1057 3105; x_wconf 78' lang='lat' dir='ltr'>sequuta</span> <span class='ocrx_word' id='word_1_210' title='bbox 1074 3018 1147 3098; x_wconf 75' lang='lat' dir='ltr'>elle&#39;t,</span> <span class='ocrx_word' id='word_1_211' title='bbox 1166 3048 1223 3110; x_wconf 82' lang='lat' dir='ltr'>quo</span> <span class='ocrx_word' id='word_1_212' title='bbox 1234 3049 1264 3092; x_wconf 85' lang='lat' dir='ltr'>r.</span> <span class='ocrx_word' id='word_1_213' title='bbox 1278 3050 1315 3092; x_wconf 82' lang='lat'>22</span> <span class='ocrx_word' id='word_1_214' title='bbox 1324 3032 1383 3113; x_wconf 86' lang='lat' dir='ltr'>sqq.</span> 
     </span>
     <span class='ocr_line' id='line_1_24' title="bbox 407 3127 1384 3210; baseline 0.009 -20"><span class='ocrx_word' id='word_1_215' title='bbox 407 3133 446 3205; x_wconf 83' lang='lat'>46</span> <span class='ocrx_word' id='word_1_216' title='bbox 466 3131 524 3209; x_wconf 88' lang='lat' dir='ltr'><strong>sqq.</strong></span> <span class='ocrx_word' id='word_1_217' title='bbox 550 3130 679 3198; x_wconf 82' lang='lat' dir='ltr'>resemnt,</span> <span class='ocrx_word' id='word_1_218' title='bbox 698 3130 779 3189; x_wconf 85' lang='lat' dir='ltr'>fidem</span> <span class='ocrx_word' id='word_1_219' title='bbox 800 3127 966 3188; x_wconf 79' lang='lat' dir='ltr'>nonhabet.</span> <span class='ocrx_word' id='word_1_220' title='bbox 1005 3128 1081 3189; x_wconf 87' lang='lat' dir='ltr'>Nam</span> <span class='ocrx_word' id='word_1_221' title='bbox 1101 3131 1221 3210; x_wconf 85' lang='lat' dir='ltr'>primum</span> <span class='ocrx_word' id='word_1_222' title='bbox 1243 3136 1384 3200; x_wconf 78' lang='lat' dir='ltr'>Antonine</span> 
     </span>
     <span class='ocr_line' id='line_1_25' title="bbox 394 3226 1384 3319; baseline 0.006 -25"><span class='ocrx_word' id='word_1_223' title='bbox 394 3226 587 3313; x_wconf 67' lang='lat' dir='ltr'>&#39;Cytheridem</span> <span class='ocrx_word' id='word_1_224' title='bbox 596 3240 654 3313; x_wconf 84' lang='lat' dir='ltr'>jam</span> <span class='ocrx_word' id='word_1_225' title='bbox 668 3251 730 3295; x_wconf 86' lang='lat' dir='ltr'>anre</span> <span class='ocrx_word' id='word_1_226' title='bbox 750 3255 805 3315; x_wconf 84' lang='lat'>709</span> <span class='ocrx_word' id='word_1_227' title='bbox 825 3233 962 3294; x_wconf 83' lang='lat' dir='ltr'>dimiserat</span> <span class='ocrx_word' id='word_1_228' title='bbox 971 3259 980 3304; x_wconf 81' lang='lat'>3</span> <span class='ocrx_word' id='word_1_229' title='bbox 1000 3240 1120 3316; x_wconf 82' lang='lat' dir='ltr'>adeoque</span> <span class='ocrx_word' id='word_1_230' title='bbox 1137 3254 1201 3299; x_wconf 86' lang='lat' dir='ltr'>ante</span> <span class='ocrx_word' id='word_1_231' title='bbox 1215 3237 1247 3299; x_wconf 92' lang='lat' dir='ltr'>id</span> <span class='ocrx_word' id='word_1_232' title='bbox 1267 3254 1384 3319; x_wconf 73' lang='lat' dir='ltr'>tempus,</span> 
     </span>
     <span class='ocr_line' id='line_1_26' title="bbox 406 3336 1384 3418; baseline 0.01 -22"><span class='ocrx_word' id='word_1_233' title='bbox 406 3358 464 3415; x_wconf 92' lang='lat' dir='ltr'>quo</span> <span class='ocrx_word' id='word_1_234' title='bbox 476 3339 532 3396; x_wconf 81' lang='lat' dir='ltr'>haec</span> <span class='ocrx_word' id='word_1_235' title='bbox 544 3339 601 3416; x_wconf 80' lang='lat' dir='ltr'>posi</span> <span class='ocrx_word' id='word_1_236' title='bbox 612 3339 728 3415; x_wconf 85' lang='lat' dir='ltr'>reliquas</span> <span class='ocrx_word' id='word_1_237' title='bbox 741 3357 833 3397; x_wconf 85' lang='lat' dir='ltr'>omnes</span> <span class='ocrx_word' id='word_1_238' title='bbox 844 3338 939 3415; x_wconf 83' lang='lat' dir='ltr'>ecloga</span> <span class='ocrx_word' id='word_1_239' title='bbox 956 3336 1038 3397; x_wconf 87' lang='lat' dir='ltr'>scribi</span> <span class='ocrx_word' id='word_1_240' title='bbox 1050 3339 1155 3418; x_wconf 65' lang='lat' dir='ltr'>potuim</span> <span class='ocrx_word' id='word_1_241' title='bbox 1173 3361 1205 3401; x_wconf 86' lang='lat' dir='ltr'>ea</span> <span class='ocrx_word' id='word_1_242' title='bbox 1216 3341 1292 3403; x_wconf 81' lang='lat' dir='ltr'>enin</span> <span class='ocrx_word' id='word_1_243' title='bbox 1310 3345 1346 3405; x_wconf 88' lang='lat' dir='ltr'>de</span> <span class='ocrx_word' id='word_1_244' title='bbox 1356 3364 1384 3406; x_wconf 82' lang='lat' dir='ltr'>re</span> 
     </span>
     <span class='ocr_line' id='line_1_27' title="bbox 404 3437 1386 3519; baseline 0.015 -24"><span class='ocrx_word' id='word_1_245' title='bbox 404 3441 467 3516; x_wconf 84' lang='lat' dir='ltr'>jarn&#39;</span> <span class='ocrx_word' id='word_1_246' title='bbox 476 3439 618 3498; x_wconf 85' lang='lat' dir='ltr'>Ciceronis</span> <span class='ocrx_word' id='word_1_247' title='bbox 635 3437 753 3518; x_wconf 70' lang='lat' dir='ltr'>Philipp,</span> <span class='ocrx_word' id='word_1_248' title='bbox 774 3439 814 3507; x_wconf 93' lang='lat' dir='ltr'>Il,</span> <span class='ocrx_word' id='word_1_249' title='bbox 830 3447 878 3507; x_wconf 86' lang='lat'>28,</span> <span class='ocrx_word' id='word_1_250' title='bbox 899 3439 925 3517; x_wconf 69' lang='lat' dir='ltr'>i.</span> <span class='ocrx_word' id='word_1_251' title='bbox 945 3441 1069 3519; x_wconf 85' lang='lat' dir='ltr'>6910cur</span> <span class='ocrx_word' id='word_1_252' title='bbox 1084 3445 1131 3504; x_wconf 85' lang='lat' dir='ltr'>est.</span> <span class='ocrx_word' id='word_1_253' title='bbox 1148 3445 1281 3518; x_wconf 47' lang='lat' dir='ltr'>,Decima</span> <span class='ocrx_word' id='word_1_254' title='bbox 1296 3463 1386 3510; x_wconf 84' lang='lat' dir='ltr'>autem</span> 
     </span>
     <span class='ocr_line' id='line_1_28' title="bbox 409 3543 1387 3626; baseline 0.012 -24"><span class='ocrx_word' id='word_1_255' title='bbox 409 3543 466 3602; x_wconf 83' lang='lat' dir='ltr'>haec</span> <span class='ocrx_word' id='word_1_256' title='bbox 482 3544 582 3622; x_wconf 25' lang='lat' dir='ltr'>&#39;ecloga</span> <span class='ocrx_word' id='word_1_257' title='bbox 594 3557 655 3603; x_wconf 89' lang='lat' dir='ltr'>ante</span> <span class='ocrx_word' id='word_1_258' title='bbox 668 3564 723 3623; x_wconf 81' lang='lat'>7¹7</span> <span class='ocrx_word' id='word_1_259' title='bbox 743 3543 792 3601; x_wconf 87' lang='lat' dir='ltr'>vix</span> <span class='ocrx_word' id='word_1_260' title='bbox 811 3544 910 3621; x_wconf 84' lang='lat' dir='ltr'>scripta</span> <span class='ocrx_word' id='word_1_261' title='bbox 925 3545 974 3614; x_wconf 85' lang='lat' dir='ltr'>cst,</span> <span class='ocrx_word' id='word_1_262' title='bbox 992 3560 1022 3609; x_wconf 85' lang='lat' dir='ltr'>ut</span> <span class='ocrx_word' id='word_1_263' title='bbox 1034 3547 1126 3624; x_wconf 92' lang='lat' dir='ltr'>paullo</span> <span class='ocrx_word' id='word_1_264' title='bbox 1144 3549 1202 3626; x_wconf 87' lang='lat' dir='ltr'>poll</span> <span class='ocrx_word' id='word_1_265' title='bbox 1221 3550 1387 3616; x_wconf 81' lang='lat' dir='ltr'>videbimus.</span> 
     </span>
     <span class='ocr_line' id='line_1_29' title="bbox 410 3642 1387 3732; baseline 0.012 -29"><span class='ocrx_word' id='word_1_266' title='bbox 410 3642 519 3704; x_wconf 86' lang='lat' dir='ltr'>Deinde</span> <span class='ocrx_word' id='word_1_267' title='bbox 540 3663 605 3705; x_wconf 85' lang='lat' dir='ltr'>vero</span> <span class='ocrx_word' id='word_1_268' title='bbox 626 3645 661 3704; x_wconf 76' lang='lat' dir='ltr'>iis</span> <span class='ocrx_word' id='word_1_269' title='bbox 679 3642 767 3715; x_wconf 79' lang='lat' dir='ltr'>annis,</span> <span class='ocrx_word' id='word_1_270' title='bbox 787 3645 883 3721; x_wconf 89' lang='lat' dir='ltr'>quibus</span> <span class='ocrx_word' id='word_1_271' title='bbox 907 3648 963 3707; x_wconf 76' lang='lat' dir='ltr'>haec</span> <span class='ocrx_word' id='word_1_272' title='bbox 988 3651 1085 3728; x_wconf 83' lang='lat' dir='ltr'>ecloga</span> <span class='ocrx_word' id='word_1_273' title='bbox 1105 3650 1203 3730; x_wconf 74' lang='lat' dir='ltr'>scripta</span> <span class='ocrx_word' id='word_1_274' title='bbox 1220 3652 1274 3712; x_wconf 81' lang='lat' dir='ltr'>effe</span> <span class='ocrx_word' id='word_1_275' title='bbox 1290 3656 1387 3732; x_wconf 73' lang='lat' dir='ltr'>potest,</span> 
     </span>
     <span class='ocr_line' id='line_1_30' title="bbox 349 3747 1389 3835; baseline 0.01 -30"><span class='ocrx_word' id='word_1_276' title='bbox 349 3828 353 3834; x_wconf 18' lang='grc' dir='ltr'><strong><em>ι</em></strong></span> <span class='ocrx_word' id='word_1_277' title='bbox 410 3747 547 3807; x_wconf 89' lang='lat' dir='ltr'>Antonius</span> <span class='ocrx_word' id='word_1_278' title='bbox 561 3748 591 3806; x_wconf 93' lang='lat' dir='ltr'>in</span> <span class='ocrx_word' id='word_1_279' title='bbox 610 3748 738 3817; x_wconf 85' lang='lat' dir='ltr'>Oriente,</span> <span class='ocrx_word' id='word_1_280' title='bbox 757 3767 812 3805; x_wconf 91' lang='lat' dir='ltr'>non</span> <span class='ocrx_word' id='word_1_281' title='bbox 833 3748 863 3806; x_wconf 89' lang='lat' dir='ltr'>in</span> <span class='ocrx_word' id='word_1_282' title='bbox 886 3749 992 3820; x_wconf 84' lang='lat' dir='ltr'>Gallia,</span> <span class='ocrx_word' id='word_1_283' title='bbox 1010 3752 1074 3811; x_wconf 91' lang='lat' dir='ltr'>suit.</span> <span class='ocrx_word' id='word_1_284' title='bbox 1113 3751 1184 3835; x_wconf 80' lang='lat' dir='ltr'>Qae</span> <span class='ocrx_word' id='word_1_285' title='bbox 1203 3754 1297 3814; x_wconf 84' lang='lat' dir='ltr'>omnia</span> <span class='ocrx_word' id='word_1_286' title='bbox 1309 3754 1389 3826; x_wconf 60' lang='lat' dir='ltr'>dosia</span> 
     </span>
     <span class='ocr_line' id='line_1_31' title="bbox 410 3847 1389 3934; baseline 0.012 -27"><span class='ocrx_word' id='word_1_287' title='bbox 410 3847 602 3908; x_wconf 87' lang='lat' dir='ltr'>demonstravit</span> <span class='ocrx_word' id='word_1_288' title='bbox 626 3849 743 3910; x_wconf 82' lang='lat' dir='ltr'>Martio.</span> <span class='ocrx_word' id='word_1_289' title='bbox 765 3852 800 3909; x_wconf 87' lang='lat' dir='ltr'>ad</span> <span class='ocrx_word' id='word_1_290' title='bbox 821 3874 848 3911; x_wconf 90' lang='lat' dir='ltr'>v.</span> <span class='ocrx_word' id='word_1_291' title='bbox 876 3873 924 3914; x_wconf 85' lang='lat'>22.</span> <span class='ocrx_word' id='word_1_292' title='bbox 964 3856 1062 3934; x_wconf 86' lang='lat' dir='ltr'>Neque</span> <span class='ocrx_word' id='word_1_293' title='bbox 1085 3856 1151 3915; x_wconf 85' lang='lat' dir='ltr'>serti</span> <span class='ocrx_word' id='word_1_294' title='bbox 1174 3858 1260 3934; x_wconf 83' lang='lat' dir='ltr'>potest</span> <span class='ocrx_word' id='word_1_295' title='bbox 1283 3858 1389 3922; x_wconf 69' lang='lat' dir='ltr'>doctiss.</span> 
     </span>
     <span class='ocr_line' id='line_1_32' title="bbox 411 3948 1391 4038; baseline 0.018 -35"><span class='ocrx_word' id='word_1_296' title='bbox 411 3948 562 4036; x_wconf 71' lang='lat' dir='ltr'>Morgagni</span> <span class='ocrx_word' id='word_1_297' title='bbox 579 3949 698 4027; x_wconf 86' lang='lat' dir='ltr'>(Opusc.</span> <span class='ocrx_word' id='word_1_298' title='bbox 710 3953 822 4014; x_wconf 79' lang='lat' dir='ltr'>miscell.</span> <span class='ocrx_word' id='word_1_299' title='bbox 840 3956 878 4016; x_wconf 87' lang='lat' dir='ltr'>T.</span> <span class='ocrx_word' id='word_1_300' title='bbox 900 3957 956 4027; x_wconf 85' lang='grc' dir='ltr'>ΠΙ,</span> <span class='ocrx_word' id='word_1_301' title='bbox 974 3958 1050 4038; x_wconf 88' lang='lat' dir='ltr'>epist.</span> <span class='ocrx_word' id='word_1_302' title='bbox 1063 3958 1160 4021; x_wconf 85' lang='lat' dir='ltr'>AEmil,</span> <span class='ocrx_word' id='word_1_303' title='bbox 1172 3963 1228 4037; x_wconf 82' lang='lat' dir='ltr'>pr.)</span> <span class='ocrx_word' id='word_1_304' title='bbox 1246 3958 1391 4030; x_wconf 62' lang='lat' dir='ltr'>serrenffi,</span> 
     </span>
     <span class='ocr_line' id='line_1_33' title="bbox 412 4045 1391 4141; baseline 0.015 -34"><span class='ocrx_word' id='word_1_305' title='bbox 412 4048 472 4128; x_wconf 92' lang='lat' dir='ltr'>qui,</span> <span class='ocrx_word' id='word_1_306' title='bbox 491 4066 554 4103; x_wconf 90' lang='lat' dir='ltr'>cum</span> <span class='ocrx_word' id='word_1_307' title='bbox 575 4045 934 4131; x_wconf 77' lang='lat' dir='ltr'>Serviumamplesieretur,</span> <span class='ocrx_word' id='word_1_308' title='bbox 952 4070 980 4115; x_wconf 90' lang='lat' dir='ltr'>et</span> <span class='ocrx_word' id='word_1_309' title='bbox 1006 4056 1124 4118; x_wconf 86' lang='lat' dir='ltr'>Antonii</span> <span class='ocrx_word' id='word_1_310' title='bbox 1142 4055 1172 4115; x_wconf 85' lang='lat' dir='ltr'>in</span> <span class='ocrx_word' id='word_1_311' title='bbox 1194 4057 1310 4124; x_wconf 72' lang='lat' dir='ltr'>Gallina.</span> <span class='ocrx_word' id='word_1_312' title='bbox 1324 4081 1391 4141; x_wconf 70' lang='lat' dir='ltr'>pm,</span> 
     </span>
     <span class='ocr_line' id='line_1_34' title="bbox 307 4151 1393 4251; baseline 0.012 -40"><span class='ocrx_word' id='word_1_313' title='bbox 307 4159 311 4172; x_wconf 89' lang='lat'>&#39;</span> <span class='ocrx_word' id='word_1_314' title='bbox 386 4195 389 4202; x_wconf 70' lang='lat'>,</span> <span class='ocrx_word' id='word_1_315' title='bbox 413 4151 557 4213; x_wconf 73' lang='lat' dir='ltr'>{cilionem</span> <span class='ocrx_word' id='word_1_316' title='bbox 570 4151 689 4231; x_wconf 84' lang='lat' dir='ltr'>aliquam</span> <span class='ocrx_word' id='word_1_317' title='bbox 705 4154 932 4238; x_wconf 83' lang='lat' dir='ltr'>circumspiceret,</span> <span class='ocrx_word' id='word_1_318' title='bbox 950 4161 1026 4221; x_wconf 86' lang='lat' dir='ltr'>illam</span> <span class='ocrx_word' id='word_1_319' title='bbox 1047 4162 1173 4241; x_wconf 86' lang='lat' dir='ltr'>arripuit,</span> <span class='ocrx_word' id='word_1_320' title='bbox 1191 4182 1256 4223; x_wconf 87' lang='lat' dir='ltr'>cum</span> <span class='ocrx_word' id='word_1_321' title='bbox 1268 4166 1393 4251; x_wconf 69' lang='lat' dir='ltr'>Quaestu-</span> 
     </span>
     <span class='ocr_line' id='line_1_35' title="bbox 413 4253 1393 4342; baseline 0.016 -27"><span class='ocrx_word' id='word_1_322' title='bbox 413 4276 472 4316; x_wconf 87' lang='lat' dir='ltr'>ram</span> <span class='ocrx_word' id='word_1_323' title='bbox 491 4253 591 4324; x_wconf 66' lang='lat' dir='ltr'>Roma,</span> <span class='ocrx_word' id='word_1_324' title='bbox 606 4254 730 4332; x_wconf 87' lang='lat' dir='ltr'>petiisset,</span> <span class='ocrx_word' id='word_1_325' title='bbox 749 4273 777 4317; x_wconf 91' lang='lat' dir='ltr'>et</span> <span class='ocrx_word' id='word_1_326' title='bbox 797 4261 862 4321; x_wconf 89' lang='lat' dir='ltr'>inde</span> <span class='ocrx_word' id='word_1_327' title='bbox 880 4262 916 4323; x_wconf 87' lang='lat' dir='ltr'>ad</span> <span class='ocrx_word' id='word_1_328' title='bbox 933 4263 1080 4333; x_wconf 69' lang='lat' dir='ltr'>Cesarem</span> <span class='ocrx_word' id='word_1_329' title='bbox 1094 4264 1144 4342; x_wconf 91' lang='lat' dir='ltr'>qui</span> <span class='ocrx_word' id='word_1_330' title='bbox 1159 4279 1219 4325; x_wconf 82' lang='lat' dir='ltr'>tum</span> <span class='ocrx_word' id='word_1_331' title='bbox 1237 4266 1269 4326; x_wconf 89' lang='lat' dir='ltr'>in</span> <span class='ocrx_word' id='word_1_332' title='bbox 1289 4270 1393 4332; x_wconf 79' lang='lat' dir='ltr'>Galliie</span> 
     </span>
    </p>
   </div>
   <div class='ocr_carea' id='block_1_3' title="bbox 413 4354 1395 4454">
    <p class='ocr_par' dir='ltr' id='par_1_4' title="bbox 413 4354 1395 4454">
     <span class='ocr_line' id='line_1_36' title="bbox 413 4354 1395 4454; baseline 0.018 -37"><span class='ocrx_word' id='word_1_333' title='bbox 413 4358 515 4419; x_wconf 87' lang='lat' dir='ltr'>bellum</span> <span class='ocrx_word' id='word_1_334' title='bbox 536 4354 658 4438; x_wconf 78' lang='lat' dir='ltr'>gerebat,</span> <span class='ocrx_word' id='word_1_335' title='bbox 684 4358 795 4437; x_wconf 79' lang='lat' dir='ltr'>rediret,</span> <span class='ocrx_word' id='word_1_336' title='bbox 823 4385 883 4443; x_wconf 84' lang='lat' dir='ltr'>quae</span> <span class='ocrx_word' id='word_1_337' title='bbox 915 4385 957 4427; x_wconf 84' lang='lat' dir='ltr'>rec</span> <span class='ocrx_word' id='word_1_338' title='bbox 989 4366 1025 4429; x_wconf 87' lang='lat' dir='ltr'>&#39;ad</span> <span class='ocrx_word' id='word_1_339' title='bbox 1049 4381 1151 4429; x_wconf 69' lang='lat' dir='ltr'>mcum</span> <span class='ocrx_word' id='word_1_340' title='bbox 1175 4388 1233 4450; x_wconf 80' lang='lat'>70²</span> <span class='ocrx_word' id='word_1_341' title='bbox 1247 4359 1395 4454; x_wconf 85' lang='lat' dir='ltr'>¹Pompeio</span> 
     </span>
    </p>
   </div>
   <div class='ocr_carea' id='block_1_4' title="bbox 912 4483 1398 4562">
    <p class='ocr_par' dir='ltr' id='par_1_5' title="bbox 912 4483 1398 4562">
     <span class='ocr_line' id='line_1_37' title="bbox 912 4483 1398 4562; baseline 0.006 -11"><span class='ocrx_word' id='word_1_342' title='bbox 912 4504 929 4562; x_wconf 83' lang='lat'>5</span> <span class='ocrx_word' id='word_1_343' title='bbox 1328 4483 1398 4554; x_wconf 65' lang='lat' dir='ltr'>Cos,</span> 
     </span>
    </p>
   </div>
   <div class='ocr_carea' id='block_1_5' title="bbox 0 0 1817 5509">
    <p class='ocr_par' dir='ltr' id='par_1_6' title="bbox 0 0 1817 5509">
     <span class='ocr_line' id='line_1_38' title="bbox 0 0 1817 5509; baseline 0 0"><span class='ocrx_word' id='word_1_344' title='bbox 0 0 1817 5509; x_wconf 95' lang='lat' dir='ltr'> </span> 
     </span>
    </p>
   </div>
  </div>
 </body>
</html>
