3575 5509
616 1215 1121 1301 excursusu

678 1373 734 1447 De
758 1391 866 1447 aratro
893 1367 1077 1471 Virgiliano.

384 1526 544 1651 Guttae.
557 1588 583 1655 I,
606 1588 658 1665 169
672 1589 730 1669 sqq.
742 1592 862 1650 Continuo
875 1601 902 1651 in
912 1592 994 1670 filvis
1007 1616 1101 1671 magna
1112 1601 1147 1650 vi
1153 1597 1230 1668 flexa
1247 1596 1362 1653 domatur

380 1677 416 1734 In
429 1678 938 1758 burimetcuuuifiirmamaccipitulmus
955 1693 1059 1740 aratri:
1079 1686 1146 1740 Huic
1163 1708 1181 1741 a
1189 1688 1269 1760 stiipe
1287 1688 1361 1761 pedet
1424 1755 1430 1765 ἰ

380 1780 442 1824 temo
449 1783 576 1844 protentus
597 1779 624 1825 in
636 1778 702 1837 otim·
726 1772 802 1827 Binae
813 1793 886 1827 aures
906 1771 1000 1847 duplici
1016 1786 1140 1846 aptantur
1158 1773 1271 1829 dentalia
1283 1776 1359 1848 dorso.

380 1856 497 1916 Caeditur
506 1875 531 1915 et
540 1859 597 1915 tilia
614 1862 742 1937 antejago
752 1859 818 1915 levis
830 1859 1030 1938 altaquefagus,
1051 1861 1186 1938 Stivaque,
1206 1885 1263 1939 qua
1272 1883 1359 1921 currus

379 1967 398 2001 a
409 1961 477 2023 tergo
488 1962 600 2024 torqueat
611 1957 677 2003 imos.

417 2032 539 2110 Exposui
559 2036 650 2091 locum
672 2048 801 2111 quantum
822 2034 900 2113 potui
912 2054 963 2111 pro
976 2033 1103 2093 sermonis
1115 2038 1238 2107 ratione3
1258 2038 1304 2095 etfi
1319 2041 1359 2098 rei

377 2123 491 2197 agrariae
504 2121 602 2199 peritia
621 2143 676 2178 uon
695 2122 757 2178 satis
770 2122 920 2181 instruitur.
960 2124 1121 2182 Admodum
1134 2126 1225 2203 itaque
1236 2126 1359 2195 laetabar,

378 2227 442 2267 cum
465 2212 521 2287 post
540 2211 589 2267 illa
608 2232 624 2268 a
645 2232 688 2271 me
707 2211 806 2288 scripta
816 2213 937 2271 viderem
950 2212 1040 2272 virum
1053 2216 1175 2285 dolium,
1195 2215 1234 2272 rei
1246 2216 1359 2292 agrariae

376 2300 507 2377 peritum,
528 2322 643 2380 eumque
665 2302 929 2379 perspicacissimum,
948 2306 979 2360 de
999 2322 1086 2363 aratro
1098 2322 1212 2363 veterum
1232 2320 1359 2363 accurate

377 2409 457 2467 agere
470 2393 692 2472 (Betrachtungtn
709 2391 831 2468 teutschen
844 2394 973 2450 Patrioten
984 2393 1061 2473 heilig
1071 2395 1090 2449 I
1089 2395 1108 2449 I
1107 2395 1126 2450 I
1136 2398 1216 2453 Band
1227 2402 1311 2472 1780,
1325 2411 1357 2471 p.

378 2485 434 2553 283
446 2486 505 2561 sqq.
508 2469 558 2556 ),·‘
572 2481 680 2559 repetiit
701 2480 794 2538 eadem
808 2480 865 2537 sere
884 2480 914 2537 in
939 2483 1010 2539 Attis
1030 2484 1112 2545 Acad.
1134 2484 1214 2540 Elea.
1239 2484 1358 2563 Mogunt.

380 2588 465 2646 1779,
484 2590 513 2646 p.
543 2590 594 2650 ης
610 2572 667 2648 sqq.
709 2569 858 2647 Proponam
879 2590 913 2628 ex
926 2589 969 2639 eo,
990 2590 1049 2647 quae
1065 2570 1101 2627 ad
1118 2570 1269 2649 Virgilium
1285 2572 1357 2649 spec·

376 2670 447 2726 tant,
467 2676 544 2717 acute
566 2661 657 2738 utique
677 2674 704 2716 et
725 2658 867 2735 ingeniose·
876 2659 1020 2737 disputata.
1060 2660 1104 2720 De
1115 2663 1217 2719 caeteris
1229 2662 1357 2739 dispiciet

376 2745 462 2804 bonus
477 2748 591 2806 Hesiodi
603 2750 704 2815 editor,
722 2747 741 2804 fi
754 2747 813 2825 quis
823 2748 880 2824 ejus
891 2748 1008 2806 carmini
1019 2750 1172 2827 aliquando,
1178 2750 1323 2827 obtigerit.
1346 2781 1348 2784 v
1391 2781 1395 2785 ·

415 2835 508 2896 Primo
531 2838 639 2897 versus:
661 2838 779 2894 Caeditur
794 2852 819 2892 et
839 2836 896 2893 tilia
915 2842 1043 2915 antejago
1062 2838 1138 2907 levis,
1158 2840 1261 2918 altaque
1270 2846 1356 2919 sagus

320 2964 324 2980 i
374 2928 471 2995 Stivae,
483 2952 548 3007 ,quae
569 2952 655 2987 curnis
676 2951 694 2984 a
710 2942 779 3004 tergo
791 2940 903 3003 torqueat
912 2935 988 2983 imos:
1007 2926 1152 2988 eMartini
1162 2927 1270 3003 judicio
1283 2949 1353 2986 con·
1401 2925 1404 2930 ¹

374 3018 473 3086 stituit3
494 3018 593 3097 eosque
609 3018 683 3075 bono
704 3015 779 3074 sensu
800 3034 890 3075 carere
908 3014 1074 3091 pronuntiat,
1094 3015 1142 3072 nifi
1160 3024 1242 3091 cursus
1264 3036 1355 3075 emen-

374 3106 454 3164 detur
465 3129 528 3166 cum
540 3109 601 3166 viro
614 3108 695 3165 dudio
712 3105 784 3183 apud
798 3104 961 3162 Macrinum.
1002 3103 1149 3161 Enimvero
1161 3104 1197 3160 fic
1219 3106 1302 3162 Maro
1315 3107 1355 3167 la-

374 3195 429 3253 tine
442 3199 533 3257 dicere
546 3219 601 3256 non
614 3197 704 3276 potuit
717 3217 724 3256 :
745 3195 820 3274 quod
831 3193 920 3252 sensus
933 3214 1065 3272 quemque
1079 3195 1139 3251 suus
1151 3196 1248 3252 docere
1260 3198 1355 3274 potest,

374 3282 395 3338 st
408 3284 533 3343 sermonis
547 3287 622 3344 usum
634 3286 739 3343 habeat.
780 3285 820 3339 At
833 3307 933 3342 currum
954 3303 1004 3359 pro
1016 3299 1104 3342 aratro
1117 3292 1174 3340 rotis
1186 3288 1301 3363 instrutio
1311 3284 1355 3345 di-

373 3390 434 3429 cere
445 3393 492 3451 per
503 3375 604 3451 poetici
616 3374 743 3434 sermonis
754 3372 874 3430 indolem
887 3387 914 3427 et
928 3371 1003 3429 usum
1015 3372 1093 3430 licuit
1104 3396 1113 3440 ;
1127 3392 1201 3440 eum,
1215 3376 1242 3430 h.
1256 3392 1281 3431 e.
1294 3394 1355 3431 ara·

374 3473 458 3529 trum,
478 3462 559 3538 regit,
579 3488 597 3521 a
613 3481 680 3543 tergo
701 3478 795 3541 torquet
811 3474 917 3529 arator;
937 3470 982 3518 imi
1001 3485 1087 3520 currus
1106 3460 1228 3538 epitheto
1241 3478 1354 3520 ornante
1377 3529 1385 3544 ,

373 3547 442 3605 ditti
460 3548 519 3607 sunt
532 3571 587 3607 non
600 3552 687 3609 minus
700 3551 818 3629 poetice,
838 3565 968 3626 quatenus
980 3568 1088 3607 vomere
1106 3550 1161 3605 alte
1173 3548 1354 3633 impressoin-

374 3636 458 3699 ferior
477 3639 560 3696 aratri
574 3659 633 3715 pars
656 3640 768 3716 desuper
781 3638 871 3703 abeo,
892 3638 939 3713 qui
952 3639 1045 3696 stivam
1060 3637 1354 3705 moderamentum

372 3746 404 3784 ac
419 3727 539 3804 regitur3
559 3728 626 3786 Exit
638 3729 739 3805 itaque,
754 3727 835 3785 modo
847 3727 957 3802 genium
970 3728 1073 3804 po'e'tici
1084 3725 1212 3784 sermonis
1224 3740 1324 3795 teneas,
1335 3744 1353 3784 e

374 3814 530 3894 Virgiliana
548 3818 661 3875 letiione
672 3818 802 3873 sententia
820 3817 925 3883 eadem,
945 3837 1026 3893 quam
1040 3815 1094 3872 viri
1106 3814 1180 3872 dosii
1193 3813 1293 3872 inferre
1304 3834 1353 3872 vo-

372 3908 434 3964 lunt
456 3927 505 3984 per
517 3907 659 3964 lettionem
679 3922 843 3984 corruptam.
885 3904 978 3983 Negat
998 3905 1040 3963 vir
1051 3906 1145 3963 dodtus
1157 3919 1274 3962 aratrum
1286 3903 1354 3961 rotis

372 3996 529 4055 instrudtum
551 3998 607 4072 jam
632 4011 689 4053 tum
713 3995 865 4055 innotuisse.
906 3994 996 4071 Atqui
1016 4009 1110 4053 notum
1131 3994 1200 4051 illud
1214 3992 1351 4051 suiffehic

371 4085 428 4163 ipse
453 4087 529 4143 locus
550 4088 648 4143 docere
667 4084 791 4141 debebat.
832 4082 916 4162 Qiod
939 4101 955 4138 a
975 4084 1082 4142 Catone
1100 4098 1128 4141 et
1140 4082 1264 4138 Varrone
1278 4080 1350 4138 illud

370 4195 426 4232 non
438 4177 676 4233 commemoratum
689 4174 735 4238 est,
749 4192 798 4250 pro
810 4187 971 4249 argumento
982 4171 1083 4230 idoneo
1095 4172 1145 4229 esse
1161 4169 1271 4246 nequit:
1287 4187 1352 4225 cum

371 4278 464 4321 neuter
484 4265 513 4321 id
536 4279 611 4339 agat,
632 4279 661 4321 ut
681 4264 916 4320 instrumentorum
936 4261 1094 4320 rusticorum
1109 4260 1222 4317 formam
1242 4254 1349 4312 curiose
1362 4246 1374 4264 ‘

370 4351 514 4411 describat.
557 4350 609 4409 Fac
628 4372 692 4409 vero
712 4366 855 4427 utrumque
879 4348 910 4406 id
930 4348 1022 4426 egisse,
1042 4344 1116 4422 quod
1140 4363 1195 4399 non
1207 4340 1356 4417 egitupo-

370 4441 426 4500 tuit
445 4442 589 4498 secundum
614 4440 687 4504 illos,
706 4439 822 4516 Virgilii
844 4451 933 4505 aetate,
953 4438 982 4493 in
1004 4454 1070 4512 agro
1091 4432 1255 4496 Mantuam,
1274 4426 1353 4486 aliud

373 4530 422 4595 usu
445 4529 538 4590 haberi
547 4555 557 4602 3
577 4528 723 4590 Innotuere
743 4529 799 4608 post
820 4546 895 4593 arma
917 4523 1022 4601 aJulio
1034 4518 1140 4582 Caesato
1153 4518 1182 4576 in
1196 4515 1307 4665 Galliasl
1314 4514 1351 4662 itl-

1308 4623 1323 4663 a
1336 4623 1352 4678 a
1365 4643 1367 4647 .

868 4689 881 4714 ι.
