3575 5509
548 671 550 675 ⁴
590 661 996 762 GEORGICON‚
1038 673 1153 750 LIB.
1194 676 1259 753 IV.
1328 697 1398 783 549
1501 769 1503 774 ,

406 855 544 965 Qum
557 866 675 940 subita
692 869 878 941 incautum
894 873 1074 947 dementia
1090 877 1188 973 cepit
1203 900 1395 974 amantem,

306 1078 311 1089 ,
411 1003 634 1102 Ignoscenda
650 1004 808 1100 quidem,
825 1005 954 1102 scirent
972 1010 997 1080 st
1015 1010 1194 1105 ignoscere
1211 1016 1336 1089 Manes
1349 1055 1376 1103 ;.
1403 1000 1405 1002 ¹

410 1141 568 1230 Restitit,
578 1142 850 1241 Eurydicenque
860 1144 957 1218 suam
965 1145 1044 1243 jam
1057 1148 1136 1220 luce
1151 1149 1214 1221 sub
1232 1152 1306 1249 ipsa
1322 1182 1394 1255 490

409 1282 606 1369 Inmemor,
617 1279 702 1352 heu!
715 1280 896 1377 vidiusque
906 1284 1016 1354 animi
1026 1284 1192 1380 respexit.
1210 1287 1267 1361 Ibi
1277 1296 1395 1369 omnis

408 1409 554 1487 Effusus
570 1415 681 1504 labor,
697 1434 802 1512 atque
818 1416 955 1487 inmitis
974 1435 1079 1512 rupta
1095 1424 1236 1513 tyranni

407 1552 441 1627 F
442 1554 571 1641 oedera,
589 1572 710 1649 terque
727 1552 847 1650 fragor
863 1551 993 1649 stagnis
1010 1554 1149 1629 auditus
1161 1562 1334 1644 Auernis.

405 1692 486 1781 Ilia,
508 1691 599 1789 Qis
621 1710 656 1763 et
676 1716 747 1780 me,
767 1690 897 1788 inquit,
918 1690 1095 1781 miseram,
1117 1713 1152 1767 et
1174 1714 1208 1769 te
1221 1699 1393 1795 perdidit,

553 1826 717 1925 Orpheu,

439 2038 498 2103 488.
506 2039 576 2103 firbe'to
588 2035 689 2085 Mentei.
701 2036 765 2085 Gud.
777 2052 792 2084 a
806 2049 838 2085 m.
851 2051 889 2101 pr.
900 2037 1016 2101 Regiusa
1029 2054 1064 2089 m.
1076 2039 1132 2101 sec„
1146 2042 1207 2092 item
1216 2046 1290 2093 Rom.
1304 2046 1393 2112 aliique
1476 2091 1479 2103 ,

404 2121 489 2170 Pierii.
522 2123 575 2185 cepit
584 2136 672 2166 amorem
685 2121 773 2166 Moret.
785 2118 986 2182 quam—489.
1004 2122 1082 2186 Ignrfi.
1093 2133 1161 2170 tamen
1174 2124 1282 2185 Zuiich„
1291 2127 1332 2175 sed
1339 2128 1389 2177 vid.

405 2198 612 2260 lium—490.
631 2195 785 2260 Euridiremque
797 2195 878 2241 Fiant.
892 2194 982 2254 scribit,
997 2195 1070 2245 hicet
1080 2196 1269 2263 alibi—491.
1287 2206 1392 2266 visiusque

402 2277 533 2329 animum
548 2270 591 2319 nisi
601 2270 714 2334 vulgares
724 2269 835 2333 quaedam
850 2268 904 2317 edd.
940 2271 981 2317 Ubi
998 2274 1062 2317 omnis
1074 2273 1149 2321 Goth.
1162 2274 1205 2323 sec.
1240 2278 1311 2339 Ibique
1322 2284 1387 2327 omnis

404 2352 496 2400 Mutet.
507 2349 675 2409 sen—492.
692 2355 781 2410 raptat.
795 2345 914 2391 Faederesc.
929 2346 1047 2409 Eurydice
1067 2347 1129 2412 conj.
1147 2354 1185 2415 Jo.
1204 2350 1337 2410 Schrader„
1353 2354 1391 2402 lu.

404 2426 479 2475 dente
489 2423 597 2489 ingenio.
616 2421 673 2471 Cui.
687 2435 735 2485 292
749 2422 839 2485 Orphea,
852 2420 925 2483 Oscula
941 2441 993 2468 cara
1004 2433 1075 2485 petens
1086 2426 1223 2491 rupistijuffia
1235 2430 1390 2475 deorum.—

402 2516 462 2566 493,
469 2501 664 2569 stagnis-Averni
674 2499 745 2547 multi
763 2498 830 2547 codd.
847 2509 871 2546 et
883 2497 937 2546 edd.
951 2498 1101 2549 Commeiin.'
1111 2500 1201 2560 Pulm„
1217 2502 1290 2551 etiam
1301 2503 1392 2569 fragm¹

404 2579 487 2629 Vatic.
519 2581 555 2627 At
575 2580 715 2625 Romanus:
724 2576 798 2642 stagni
816 2576 937 2640 esiauui'tus
956 2578 1055 2637 Averni3
1072 2588 1099 2625 ut
1113 2588 1137 2625 et
1148 2593 1211 2626 ,unus
1222 2580 1302 2627 Mead.
1314 2580 1390 2630 habe·
1484 2586 1487 2593 ’

403 2654 454 2707 bat.
487 2658 581 2705 Auernis
593 2654 655 2701 ratio
668 2652 750 2700 critica
760 2660 857 2711 tuetur3
874 2663 899 2701 et
917 2664 1006 2717 praeter
1023 2654 1088 2712 edd,
1105 2665 1133 2702 ut
1153 2655 1309 2721 Norimberg.
1322 2658 1392 2708 Brix.

405 2732 481 2782 Aidd.
499 2746 527 2787 et.
547 2731 603 2780 hinc
625 2729 754 2796 prosedas,
769 2728 874 2781 ecodd.
898 2730 1030 2788 Medicem,
1049 2733 1113 2778 Ven.
1131 2732 1247 2779 Rottend.
1271 2744 1295 2780 et
1315 2734 1392 2783 Pierii

403 2809 494 2861 Medic.
507 2826 521 2857 a
532 2824 565 2857 m.
576 2823 614 2873 pr.
647 2810 731 2855 auditur
742 2805 803 2853 alter
817 2805 902 2853 Mead.
910 2805 972 2853 alter
981 2806 1100 2854 Arundel.
1113 2819 1137 2854 et
1154 2808 1218 2855 Edit.
1232 2809 1391 2873 Norimberg.

401 2898 429 2937 et
438 2889 663 2953 Argent.--494.
672 2900 696 2946 5.
709 2883 802 2932 Vossius
817 2900 839 2933 v.
851 2900 871 2931 c.
884 2883 1043 2949 interpungit.
1064 2886 1256 2952 Quis-Orphne!
1271 2888 1328 2953 Qis
1340 2895 1389 2933 ran·

402 2966 534 3037 tusflror?
557 2962 703 3028 sensumque
715 2960 746 3017 sic
757 2959 888 3020 constituit,
903 2976 931 3010 ut
938 2959 1046 3009 furorem
1058 2962 1088 3008 ad
1099 2960 1150 3007 vim
1157 2961 1276 3009 occultam
1282 2961 1389 3024 aliquam

1174 3043 1183 3055 ”
1287 3038 1387 3103 referat,

400 3213 520 3274 tumere
531 3214 725 3279 videtuncum
737 3231 778 3269 res
792 3231 867 3270 aver-
917 3212 1051 3270 redditam
1073 3210 1261 3286 Eurydicen.”
1300 3209 1388 3286 Qod

399 3290 506 3357 findas,
526 3292 608 3350 etiam
628 3292 657 3355 in
677 3290 760 3357 saeris
782 3290 867 3366 magi·
917 3291 987 3347 rede
1009 3289 1148 3346 Martinus
1165 3284 1301 3364 explodit,
1321 3303 1349 3341 et
1369 3304 1387 3342 a
1446 3354 1449 3363 y

398 3366 451 3435 cis,
465 3367 593 3445 respicere
605 3368 779 3437 vetabantur3
792 3366 867 3445 quod
915 3364 1051 3444 prodigiis
1076 3364 1266 3439 ominibusque
1280 3382 1386 3439 magnae

395 3443 457 3521 jam
476 3443 571 3501 .Cerda
594 3444 681 3509 sensit,
700 3465 779 3521 quem
804 3444 867 3501 vide
916 3444 1030 3519 alicujus
1044 3440 1215 3505 calamitatis,
1228 3455 1275 3497 aut
1297 3460 1386 3497 rerum

398 3534 430 3577 et
440 3519 468 3577 su
489 3520 573 3581 ,ΕἐΙ.
588 3520 672 3588 VIII,
696 3542 771 3583 κη.1
798 3543 865 3597 490.
909 3521 1105 3586 ¹conversionis,
1120 3518 1234 3593 repetit.
1267 3516 1312 3572 Est
1332 3517 1388 3573 uti-

382 3601 453 3681 jam
462 3542 568 3675 dicesub
580 3602 643 3673 aisa.
677 3597 769 3655 Senec.
781 3597 866 3654 Herc.
917 3616 969 3672 que
981 3594 1182 3673 indignabundi
1199 3594 1290 3671 potius
1303 3592 1385 3659 Orci,

398 3672 453 3732 fur.
475 3677 528 3749 813
550 3676 679 3753 Postquam
703 3678 734 3749 cst
757 3676 869 3732 adoras
918 3693 998 3748 quarn
1024 3671 1181 3731 laetabundi.
1239 3671 1316 3728 Idem
1341 3672 1386 3728 vir

399 3747 513 3811 Taenari
525 3766 706 3817 veritumetc„
725 3765 753 3813 et
762 3751 869 3827 superas
917 3750 1011 3807 doetus
1048 3749 1200 3806 Miltonum
1233 3763 1383 3826 comparat,

393 3825 568 3898 ,veniebatad
577 3851 654 3885 auras
666 3848 693 3885 v.
704 3829 771 3903 486.
798 3847 865 3905 491.
916 3846 997 3958 quem
1011 3846 1037 3885 v.
1060 3829 1183 3899 Paradise
1194 3824 1235 3900 lost
1248 3824 1306 3891 IX,
1327 3828 1384 3893 782
1488 3860 1492 3873 ·

397 3910 649 3972 'uitiasanimimoto
661 3902 812 3982 graecismo,
820 3921 867 3981 pro
927 3921 974 3980 qq,
1012 3924 1085 3963 1000
1116 3903 1174 3979 sqq.
1228 3900 1383 3957 Praefidium

409 3989 504 4049 animo,
524 3980 681 4058 cupiditate.
915 3979 1053 4039 sentcntiae
1074 3978 1127 4036 suae
1151 3978 1259 4036 Servius
1287 3977 1384 4051 adjicit

436 4075 505 4134 492.
529 4058 604 4115 Tum
622 4058 709 4120 omnis
731 4057 808 4114 iabor
828 4055 865 4115 i'r-
913 4057 984 4118 hoc:
1013 4066 1037 4092 “
1062 4056 1187 4116 Lucanus
1213 4054 1243 4112 in
1269 4052 1382 4127 Orpheo
1460 4054 1462 4060 “

395 4134 475 4200 ritus.
513 4138 613 4212 lfflfsus,
644 4149 674 4192 ut
699 4138 865 4211 ἐκκεχυμένος.
913 4134 985 4193 dicit
997 4133 1134 4212 strepitum
1146 4134 1247 4191 sadum
1257 4130 1383 4190 redeunte

399 4210 520 4277 Foedera,
550 4211 650 4279 foedus,
684 4213 819 4280 conditio,
849 4232 865 4269 a
913 4211 1050 4287 Eurydice
1063 4211 1099 4268 ob
1113 4210 1177 4275 hoc,
1197 4205 1261 4283 quia
1267 4210 1382 4283 gaudent

397 4276 672 4366 Plutonelimposrta.
718 4292 757 4345 At
783 4309 863 4367 quor·
912 4315 930 4347 a
943 4290 1118 4350 lucereliaram
1135 4284 1228 4355 (sorte,
1243 4286 1380 4347 radzidum,

389 4361 454 4428 sum
471 4366 569 4439 fragor
593 4379 634 4422 ter
656 4366 785 4424 auditur?
804 4368 863 4425 Ser·
906 4370 1058 4433 revetiam)
1073 4364 1382 4438 Euo'dicqnfl'ltrumspe·

385 4437 473 4533 κὃῑῑῑῑδὲ
487 4448 508 4475 “
522 4441 595 4517 quasi
606 4444 867 4516 exultarentumbrae
914 4461 995 4504 rantes
1024 4439 1137 4516 Orphne,
1168 4436 1288 4497 Manes.'’
1327 4437 1379 4567 gif.

403 4538 407 4545 .
727 4546 729 4550 ,
1349 4530 1377 4578 τε
1481 4540 1484 4543 ,
