3575 5509
592 697 787 784 NOVAE
820 701 1168 787 EDITIONIS.
1279 733 1371 790 xxv

326 879 330 896 ι
385 933 472 998 tum
497 913 571 994 effe
586 933 705 1023 patet,
724 943 806 1022 quo
824 914 1042 1025 fidejuffore
1055 916 1279 1012 contendeS,
1293 916 1372 999 hoc

384 1052 492 1140 idem
511 1079 589 1131 non
606 1052 749 1132 eodem
767 1078 853 1132 aevo
873 1048 1025 1131 fadum
1041 1053 1115 1133 effe
1129 1054 1170 1132 in
1188 1052 1369 1134 caeteris?

377 1188 537 1294 Volgus,
565 1188 707 1277 voltus,
732 1189 922 1277 Volcanus,
949 1190 1097 1282 volnus,
1128 1191 1266 1295 volsus,
1288 1217 1371 1297 ‚pro

384 1324 605 1432 antiquiore
622 1320 806 1431 scriptura
823 1322 957 1403 haberi
977 1321 1073 1404 solet
1089 1364 1101 1417 ς
1131 1325 1229 1435 quid
1247 1324 1275 1404 fi
1302 1326 1373 1406 illa

374 1461 703 1571 pronuntiationi,
732 1460 872 1542 mediae
892 1461 993 1542 inter
1019 1458 1167 1541 fuscam
1195 1482 1234 1541 et
1251 1462 1396 1572 liqui-¹

375 1598 539 1689 diorem
574 1595 759 1707 sequente<
783 1596 930 1676 littera¹
946 1594 1099 1703 liquida
1132 1597 1162 1688 l,
1192 1595 1370 1692 debetur,

389 1762 507 1843 quam
523 1734 749 1841 ex'vulgari
780 1732 851 1818 usu
878 1733 1060 1812 nonnulli
1084 1732 1126 1810 in
1145 1729 1372 1840 scripturam

392 1872 496 1960 male
520 1870 776 1952 traduxerunt
791 1906 805 1961 ;
834 1888 876 1948 ut
908 1870 974 1948 alii
1006 1871 1049 1950 in
1079 1869 1260 1977 Iniquom,
1287 1868 1372 1948 vol-

391 2034 548 2092 oontur.
573 2033 576 2042 ⁸
604 2013 668 2092 Sic
684 2008 783 2116 frag.
800 2010 894 2088 Vat.
913 2009 1082 2113 pollulat.
1138 2008 1266 2088 Simili
1282 2023 1374 2087 moa

377 2146 643 2253 ,dosequente
660 2145 789 2222 littera
817 2172 854 2222 m
882 2163 920 2221 et
947 2173 969 2222 r
987 2142 1102 2223 sonus
1123 2161 1166 2226 τὲ
1182 2173 1209 2221 u
1226 2142 1372 2225 abierat

385 2283 482 2375 ino,
512 2282 554 2360 in
586 2281 719 2371 droam,
747 2263 948 2387 Argivom.
1006 2280 1087 2359 Fac
1117 2277 1194 2359 hoe
1218 2290 1373 2362 tanturn

383 2419 428 2498 in
446 2413 630 2496 -se‘eundo
662 2415 751 2495 casu
781 2417 943 2526 pluralis
968 2418 1123 2497 numeri
1142 2418 1277 2501 locum
1298 2416 1373 2501 ha-

376 2555 491 2647 bere,
538 2552 715 2662 adeoque
769 2582 850 2632 non
904 2555 1049 2663 pariter
1082 2584 1214 2648 aeoom,
1242 2555 1373 2635 laevom

374 2682 586 2798 scriptum]
606 2688 704 2768 effe:
735 2690 802 2771 etsi
839 2721 941 2801 quom
975 2692 1276 2799 pronuntiarunt
1290 2730 1304 2784 3
1332 2710 1374 2771 at
1399 2799 1402 2805 Ι

360 2856 458 2931 „cur
475 2855 554 2907 non
573 2856 686 2935 aeque
704 2857 826 2936 equom
843 2856 916 2935 pro
933 2856 1126 2934 equorum
1148 2828 1242 2908 AEn.
1271 2828 1372 2922 Vll,

386 2964 462 3071 691
485 2970 501 3044 l
537 2968 660 3056 Varro,
683 2969 833 3057 Vorrex,
854 2962 994 3041 eodem
1009 2962 1129 3041 modo
1142 2963 1373 3071 pronuntia-

387 3117 488 3180 tum.
518 3099 575 3176 At
596 3099 747 3179 Medic.
769 3120 916 3191 vertex,
946 3097 1128 3175 vertitur.
1177 3095 1217 3172 si
1244 3123 1375 3173 maxu-

372 3265 482 3331 mus,
504 3254 698 3343 optumus:
726 3236 889 3316 debebat
914 3235 1033 3313 etiarn
1059 3230 1134 3311 effe
1148 3231 1345 3339 ploramus
1358 3268 1373 3323 ς

386 3370 416 3451 fi
447 3372 621 3469 iomamr,
659 3392 850 3479 conpages,
891 3373 1076 3450 r‘nmom's:
1117 3398 1192 3449 -cur
1225 3397 1307 3449 non
1334 3388 1375 3448 ot

389 3508 618 3587 cormunis?
645 3509 868 3587 conmodus?
897 3507 925 3586 sr
948 3509 1133 3613 subplet:
1163 3493 1250 3585 'cur
1292 3518 1377 3586 non
1480 3551 1483 3558 ·

372 3642 582 3750 subplex?
620 3642 717 3721 Sunt
745 3643 837 3736 alia,⁴
866 3644 908 3720 in
945 3643 1088 3749 quibus
1125 3638 1376 3721 manifestum

347 3783 350 3788 ’
386 3772 490 3853 mihi
508 3773 565 3863 fit,
595 3774 824 3856 deteriorem
856 3779 1053 3857 rationem·
1063 3806 1134 3885 pro
1156 3777 1376 3886 antiquiore

386 3913 507 4020 vulgo
534 3910 685 3993 haberi.
745 3914 905 3993 Veteres
944 3915 1116 3993 Romani
1154 3933 1231 3998 τόυ
1258 3935 1376 3994 extu-

387 4050 516 4138 lerunt
534 4078 603 4157 per
637 4081 662 4130 u
686 4051 817 4145 breve,
847 4054 1144 4161 pronuntiatum
1173 4076 1216 4159 ut
1236 4057 1376 4135 Gallo-

389 4212 479 4276 rum
507 4216 547 4278 u,
577 4188 827 4302 grammatici·
858 4190 1021 4269 intulere
1051 4221 1094 4299 y,
1125 4189 1277 4269 indocti
1310 4210 1376 4270 aut

389 4312 494 4434 ,forte-
509 4316 579 4422 qui
602 4314 708 4397 docti
729 4316 802 4399 effe
821 4321 1068 4413 videbantur,
1098 4342 1141 4401 ut
1175 4324 1216 4401 in
1244 4323 1377 4402 nostro

393 4448 571 4563 sermone
589 4455 809 4576 vernaculo,⁴
840 4455 1023 4579 scripsere
1046 4460 1076 4541 i.
1107 4460 1280 4547 ,inclutus
1310 4487 1379 4536 ve-
1461 4536 1467 4545 ,

1289 4619 1379 4676 rum
