3575 5509
565 676 937 769 uucourcn,
980 677 1116 757 acu.
1159 677 1192 754 1.
1335 704 1383 781 η
1484 670 1489 691 ’

425 826 430 836 ’
738 825 749 853 0

399 888 629 955 desderarentur3
644 879 781 959 {irequod
791 893 868 937 tanta
878 876 1029 936 hominum·
1044 877 1087 937 vis
1102 877 1219 948 interiit,
1236 877 1291 939 tire
1309 882 1386 959 quod

398 993 536 1058 nonullae
546 988 666 1068 legiones
678 986 714 1043 ab
727 981 854 1041 Antonio
866 981 898 1038 in
912 980 1004 1038 Aliam
1017 980 1139 1040 abduslae
1149 980 1222 1051 suut,
1235 982 1296 1041 atiae
1308 1002 1385 1053 vero.

398 1098 523 1158 noudum
536 1092 675 1172 stipendiis
685 1088 818 1157 emeritis,
831 1088 867 1146 ad
878 1089 952 1146 nulla
962 1088 1069 1147 militiae
1079 1090 1187 1168 praemia
1192 1089 1327 1168 adspirare
1334 1111 1386 1171 po-

400 1169 502 1271 temut3
514 1213 587 1258 certe
597 1198 659 1254 osto
670 1194 745 1256 mille
754 1212 789 1249 ex
801 1192 854 1250 boe
867 1210 980 1250 numero
994 1205 1179 1250 memorantur
1191 1193 1263 1270 apud
1281 1193 1385 1273 Appia-

397 1324 466 1367 num
478 1305 498 1362 1.
510 1303 530 1360 l.
539 1322 605 1381 pag.
623 1319 707 1381 ¹023*
740 1298 878 1366 intereos,
890 1316 1005 1374 quorum
1013 1295 1074 1374 agri
1083 1296 1206 1373 assignati
1215 1295 1276 1355 sunt
1285 1312 1386 1357 vetera.

397 1408 454 1479 uir,
465 1408 544 1467 suere
553 1405 757 1473 Cremonenses,
770 1403 818 1483 qui
831 1419 858 1461 et
866 1402 916 1484 ipsi
926 1402 1008 1459 Crslii
1021 1401 1152 1479 Brutique
1160 1414 1249 1479 partes
1259 1417 1335 1460 erant
1346 1401 1385 1460 se·

397 1508 490 1589 qouti.
499 1510 560 1567 vid.
572 1508 647 1567 Serv.
658 1508 691 1567 ad
702 1507 764 1567 Eal.
778 1506 836 1576 lX,
848 1485 894 1565 ss.
928 1505 1056 1585 Quorum
1064 1503 1123 1581 agri
1131 1522 1194 1562 eum
1205 1522 1256 1582 pro
1265 1502 1386 1569 militum

398 1612 577 1675 immissorum
589 1637 703 1676 numeru
720 1614 800 1674 nimis
813 1614 917 1694 angusti
935 1615 1028 1683 essent,
1047 1611 1152 1670 uicinos
1170 1611 1386 1671 Mantuanorum
1434 1631 1438 1637 ·

400 1740 481 1801 agma
496 1719 603 1780 additos
617 1720 694 1778 fuisse
709 1733 828 1778 narrant.
869 1718 957 1794 Cujus
973 1730 1065 1774 tamen
1083 1715 1134 1784 rei,
1153 1734 1316 1793 quamquam
1337 1715 1412 1805 ffl²s

399 1842 461 1883 vera
478 1824 528 1882 esse
543 1824 639 1904 potest,
658 1823 772 1891 nullam,
792 1835 969 1900 praeterquam
987 1818 1251 1887 Grammaticorum,
1270 1815 1388 1877 austeri.

396 1937 482 1987 tatem
495 1927 612 2005 reperio.
651 1924 793 2002 Appianae
812 1923 925 2000 quidem
937 1922 957 1980 l.
970 1921 990 1978 l.
1001 1939 1029 1997 p.
1051 1922 1123 1978 1082
1141 1918 1261 1977 militum
1277 1920 1388 1980 auariti-

396 2048 445 2090 am
458 2052 514 2092 non
523 2008 576 2089 sese
587 2030 750 2088 continuisse
762 2029 835 2087 intra
843 2026 904 2086 suos
923 2045 1000 2103 agros
1013 2038 1155 2093 memorat,
1174 2025 1220 2102 sed
1231 2046 1277 2087 eos
1293 2030 1386 2106 paffirn

399 2133 508 2194 vicinos
527 2152 606 2210 agros
627 2131 772 2190 insolenter
792 2130 930 2197 iuvafisse;
949 2130 1019 2207 plus,
1038 2148 1121 2205 quam
1138 2130 1290 2189 concessum
1310 2104 1387 2204 silet,
1437 2181 1440 2186 .

400 2238 545 2318 usurpasse,
565 2252 592 2295 et
603 2258 670 2314 quos
683 2235 806 2294 meliores
818 2234 862 2303 iis,
881 2233 929 2312 qui
943 2233 1013 2291 sorte
1029 2231 1197 2311 obtigerant,
1216 2248 1342 2319 putarent
1355 2257 1387 2296 a.

399 2325 484 2424 gros,¹
502 2342 563 2402 suos
581 2342 681 2404 secisse.
721 2340 842 2415 Potuere
855 2340 948 2417 itaque
972 2339 1073 2399 milites
1097 2340 1248 2420 transgredi
1270 2343 1336 2403 fines
1358 2356 1387 2410 et
1496 2409 1499 2425 Ι

400 2448 565 2509 Mantuanos
577 2467 654 2525 agros
667 2445 811 2515 invadere;
831 2460 862 2503 ut
878 2447 921 2503 vel
945 2446 981 2503 fic
1001 2446 1115 2504 Mantua
1136 2445 1266 2504 Cremonae
1284 2454 1387 2507 nimium

399 2554 489 2608 verina
500 2546 558 2606 dici
571 2548 663 2626 posset.
702 2546 777 2605 Inter
790 2545 968 2615 Mantuanos,
987 2545 1036 2624 qui
1049 2545 1119 2603 hanc
1136 2545 1243 2624 injuria
1261 2545 1386 2628 indigni·

401 2663 484 2708 tatem
501 2648 630 2717 subirent,
649 2647 803 2725 Virgilium
823 2648 901 2705 fuisse
920 2648 1043 2705 tradunt:
1064 2666 1126 2705 curn
1144 2661 1246 2715 tamen,
1264 2648 1319 2708 sive
1335 2651 1385 2710 suo
1488 2654 1490 2658 ’

399 2752 454 2821 sive
465 2750 553 2811 Asinii
563 2749 693 2809 Pollionis
705 2750 828 2816 consutio,
842 2750 960 2806 Romam
971 2749 1119 2827 profestum
1133 2751 1168 2807 ab
1176 2751 1299 2829 Augusto
1311 2751 1385 2810 obti-
1452 2749 1455 2754 ’

401 2857 494 2925 nuisse,
506 2871 537 2916 ut
551 2858 611 2936 agri
623 2856 672 2913 srbi
686 2856 902 2928 restituerentur3
921 2875 974 2933 qua
986 2875 1014 2913 re
1027 2877 1055 2915 v.
1068 2856 1104 2913 ad
1114 2856 1211 2914 Vitam
1224 2858 1342 2937 Virgilii
1357 2879 1384 2919 a.

403 2981 435 3040 7¹
442 2981 469 3035 3.
490 2973 521 3016 ut
534 2960 603 3016 adeo
617 2957 666 3015 sub
680 2957 776 3032 Tityri
788 2956 900 3035 persona
914 2956 987 3013 suam
1000 2956 1136 3018 fortunam
1148 2964 1231 3035 posta
1242 2960 1386 3020 adumbra-

400 3063 479 3131 verit,
520 3062 612 3139 Atque
627 3081 658 3118 ea
673 3061 729 3136 jam
742 3076 861 3118 veterum
875 3059 971 3138 opinio
983 3058 1047 3117 suit.
1061 3080 1088 3117 v.
1103 3059 1257 3121 Nemefian.
1272 3062 1333 3121 Ecl.
1343 3063 1385 3135 Il,

354 3231 359 3236 ,
404 3170 450 3225 82.
490 3165 623 3241 Calpurn.
638 3162 694 3231 IV,
711 3164 773 3222 162.
815 3162 911 3220 Sidon.
927 3161 976 3219 lib.
991 3160 1017 3229 Ι,
1032 3152 1114 3238 Epistss
1129 3182 1157 3241 5,
1178 3176 1208 3219 ut
1221 3161 1385 3243 Qinsiilia

401 3287 467 3327 num
489 3282 602 3335 taceam.
653 3267 722 3345 Qae
747 3287 786 3326 res
814 3266 880 3332 ferri
901 3266 994 3344 potest,
1015 3265 1098 3322 modo
1125 3266 1255 3345 allegoria
1272 3288 1328 3328 uon
1350 3272 1386 3328 aul

400 3391 495 3445 ornnes
512 3373 600 3429 versus
622 3386 648 3428 et
668 3372 749 3429 verba
762 3372 866 3449 singula
883 3368 1098 3428 circumferatur.
1137 3370 1385 3433 Grammaticorum

401 3479 567 3557 omninoque
585 3479 776 3555 Interpretum,
796 3477 826 3535 in
839 3478 882 3535 his
897 3475 1015 3543 Catroei,
1034 3476 1216 3537 intolerabiles
1230 3477 1333 3539 suntin
1346 3482 1387 3539 al-

402 3582 508 3661 legoria
520 3582 689 3661 expedienda
701 3581 814 3658 argutiae
826 3597 854 3639 et
867 3601 955 3659 nuga.
995 3580 1085 3639 Locus
1096 3595 1197 3648 autern,
1216 3581 1247 3640 in
1261 3603 1316 3662 quo
1327 3584 1387 3663 pas·

402 3701 474 3746 tores
487 3686 661 3755 conveniunt,
681 3687 763 3744 estad
778 3686 931 3745 umbrosam
943 3687 1037 3764 sagum
1051 3686 1080 3743 in
1094 3687 1157 3745 loeo
1169 3687 1309 3748 arboribus
1319 3681 1398 3749 cou-¹

366 3840 369 3845 .
400 3786 462 3856 fito,
482 3786 530 3845 sub
541 3806 594 3865 qua
607 3788 722 3864 Tityrus
737 3788 865 3846 recubans
877 3783 1023 3866 ,pastoritio
1044 3802 1125 3846 cantu
1136 3780 1384 3861 otium-consumit.

398 3895 467 3953 duur
485 3914 595 3974 gregem
612 3910 743 3953 errantem
757 3884 898 3973 prospicit.
937 3896 1024 3953 Versu
1044 3909 1134 3953 tamen
1148 3918 1261 3978 52-59
1276 3889 1385 3956 accura-

400 3997 453 4056 tius
465 3996 629 4055 describitur
641 3996 697 4055 loci
716 3997 880 4075 pruspeslus,
900 4017 1062 4075 quamquam
1076 3996 1118 4055 ibi
1130 4018 1157 4056 r.
1175 4002 1224 4076 48.
1237 4018 1285 4077 49.
1298 4022 1388 4078 quam·

399 4110 441 4158 vis
453 4100 551 4177 laprio.
564 4123 590 4157 n.
603 4118 638 4157 ex
651 4100 690 4157 rei
703 4101 786 4179 ntagis
809 4102 920 4159 veritate
940 4102 1075 4178 adjesium
1094 4102 1142 4169 est,
1159 4123 1240 4181 quam
1261 4103 1387 4181 postica

399 4205 470 4283 lege,
484 4225 537 4282 qua
545 4204 733 4282 jucundiffima
747 4226 845 4275 rerum,
859 4226 908 4275 uec
922 4206 995 4264 soeda
1008 4206 1098 4284 aliqua
1110 4221 1138 4266 et
1150 4206 1257 4286 ingrata
1269 4205 1388 4283 imagine

399 4281 595 4380 contaminata,
607 4309 692 4368 facies
704 4311 857 4368 exhibenda
876 4326 944 4370 erat.
985 4312 1032 4369 Ad
1048 4287 1125 4370 tanto
1138 4313 1267 4388 majorem
1287 4310 1326 4369 rei
1341 4311 1388 4388 ju-

398 4414 568 4473 cunditatem
580 4413 794 4497 facit‘contraria
804 4415 912 4473 alterius
924 4415 1032 4494 pastoris
1045 4415 1154 4475 fortuna
1164 4436 1224 4494 quae
1237 4414 1389 4474 miseratio·

398 4534 461 4591 nem
485 4532 596 4595 φονεῖς
615 4540 701 4615 neque
719 4541 750 4580 ea
769 4520 873 4612 aliquid
886 4520 1012 4581 disertius
1024 4524 1059 4581 ad
1073 4521 1168 4599 Tityri
1181 4520 1341 4582 felicitatem
1354 4517 1388 4579 il·

1226 4624 1388 4687 lustrandam
