3575 5509
493 720 685 805 NOVAE
719 720 1109 807 EDITIONIS.
1145 759 1150 768 ·
1181 754 1306 815 xxxv

319 955 378 1018 tra
410 934 647 1019 Academica
672 932 840 1045 reposui.
913 936 1087 1046 Operam
1114 933 1304 1020 adhibeo.

318 1073 408 1155 dam
434 1071 511 1154 effe
538 1073 620 1155 vidi
651 1074 766 1153 valde
800 1071 1016 1155 molestam¹
1031 1101 1076 1153 ac
1101 1072 1303 1157 difficilem
1407 1098 1418 1125 ⁴

315 1209 551 1293 extricandis
565 1209 795 1305 innumeris,
810 1238 899 1321 quae
912 1212 955 1291 in
976 1206 1151 1290 chartam
1167 1212 1302 1322 conje-

316 1366 433 1442 cerat,
463 1345 587 1428 modo
607 1346 805 1428 memoriae
832 1344 970 1439 cauffo,
990 1346 1111 1428 modo
1128 1367 1172 1428 ut
1196 1350 1302 1431 varia

314 1500 491 1576 tentaret,
520 1479 673 1565 diversis
710 1483 871 1595 quidem
891 1484 1135 1595 temporibus
1158 1486 1301 1594 repeti-

313 1618 443 1731 tisque
459 1622 622 1717 vicibus,
641 1639 686 1703 ut
702 1623 948 1732 exquirerem
966 1650 1010 1701 ac
1023 1621 1225 1731 seligerem
1241 1623 1298 1715 id,

309 1756 421 1867 quod
447 1759 506 1840 vir
528 1756 770 1840 doetiffimus
798 1758 1031 1869 probaturus
1060 1756 1189 1840 fuisset
1215 1758 1298 1868 ipse

310 1894 412 2005 etin
427 1896 557 1975 lucem
596 1893 846 2003 proditurus:
877 1893 1043 2002 injurius
1071 1895 1180 1974 enim
1206 1895 1296 1977 effer

311 2029 358 2110 in
378 2032 520 2111 Manes
538 2031 614 2112 viri
632 2029 757 2122 docti,
779 2030 851 2137 qui
869 2031 1004 2108 omnia
1016 2001 1299 2136 ejus'meditata

310 2164 697 2277 vulgare'exschedis
720 2166 909 2275 postumis
932 2167 1064 2247 vellet.
1121 2165 1301 2275 Apposui

310 2304 436 2415 igitur
456 2304 523 2384 illa
540 2304 579 2383 in
599 2302 742 2414 quibus
760 2303 909 2411 ingenii
925 2330 1089 2384 acumen
1102 2304 1145 2383 'et
1167 2304 1299 2414 poeti-

313 2469 368 2523 cae
386 2441 588 2552 elegantiae
602 2438 1053 2551 sensum'deprehendere
1068 2441 1168 2523 mihi
1182 2441 1296 2525 vide-·

311 2608 385 2672 rer,
413 2608 462 2660 ne
489 2577 599 2691 quid,
620 2578 728 2690 quod
752 2577 940 2662 delestare
974 2579 1112 2689 pollet,
1142 2580 1294 2661 arbitris

244 2811 247 2817 Δ
312 2712 456 2797 harum
481 2714 607 2796 rerum
633 2712 863 2808 inviderem,
892 2742 966 2796 nec
993 2716 1037 2796 in
1064 2714 1209 2796 callum
1236 2726 1295 2795 tot

314 2853 389 2935 viri
430 2850 549 2932 dodi
585 2872 743 2931 conatus
787 2850 936 2958 ingenii
979 2851 1145 2933 recidere
1185 2872 1305 2961 pate-.

312 3013 387 3068 rer.
443 2986 534 3065 Alia
563 2969 652 3095 qu'ae
680 2981 816 3066 frustra
845 2968 1088 3064 tentata'effe
1105 2985 1295 3081 viderem,
1390 3008 1392 3011 ·

313 3116 448 3201 saltem
475 3119 682 3201 utilitatem
700 3118 799 3199 mihi
826 3118 1087 3229 praestiterunt
1106 3118 1222 3214 hanc,
1254 3140 1298 3201 ut

313 3256 510 3341 interdum
525 3260 738 3368 vulgatam,
761 3257 880 3338 modo
895 3258 1210 3368 interpretatione
1228 3258 1298 3341 ad·

308 3392 429 3503 jecta,
447 3421 540 3474 cum
557 3421 644 3474 eam
663 3392 818 3475 adoeto
837 3419 996 3503 quoque
1013 3395 1098 3475 viro
1112 3396 1215 3475 male
1232 3397 1296 3477 in-

312 3529 511 3610 tellectam
543 3529 731 3622 viderem,
770 3527 1052 3625 illustrandam,
1080 3510 1203 3612 modo
1228 3509 1328 3613 usu¹

313 3665 473 3775 po‘e'tico
490 3667 649 3774 probato
668 3665 903 3749 firmandam
921 3663 995 3747 elle
1021 3666 1299 3776 intelligerem.²

314 3805 451 3884 Aliam
470 3802 688 3914 symbolam
717 3824 826 3913 grato
854 3806 989 3885 animo
1016 3804 1147 3912 accepi
1166 3804 1299 3886 aViro

314 3939 535 4021 doetiffimo
554 3942 697 4049 Jacobo
717 3944 875 4049 Btyant,
907 3940 976 4047 qui
1002 3937 1243 4019 humanitate
1261 3956 1300 4016 et

315 4104 449 4158 amore
472 4076 541 4157 suo
559 4076 607 4156 ad
632 4105 750 4167 omne
777 4074 898 4157 officii
925 4102 1047 4185 genus
1076 4072 1300 4183 provocavit

315 4241 406 4307 me;
434 4213 539 4294 misrt
558 4214 664 4295 idem
682 4215 728 4296 ad
749 4243 813 4293 me
841 4211 1060 4293 Striiiitras*
1077 4211 1117 4290 in
1151 4206 1306 4314 Virgilii
1405 4249 1408 4259 ι

314 4354 509 4435 Iocatanto
522 4380 614 4433 cum
625 4348 804 4433 acumine
817 4368 999 4458 tantaque
1009 4376 1100 4428 cum
1110 4344 1303 4456 perspica-

240 4516 243 4523 ’
315 4489 372 4572 cia
383 4487 676 4600 scriptas‚ut,in
688 4488 824 4573 multis
835 4486 871 4565 ei
884 4474 1300 4595 adstipulandumlesse

789 4650 863 4708 ca
1067 4731 1069 4733 Ι
1112 4617 1302 4707 viderem,
