3575 5509
458 665 588 723 terris
688 635 1231 721 TESTIMONIA

629 843 851 921 srsrrus'
871 843 1026 921 rurs·
1055 845 1143 932 xrs,
1172 846 1255 921 816.
1376 829 1390 847 ·’

645 972 723 1043 Nec
740 987 779 1041 tu
798 969 957 1040 divinam
974 965 1127 1039 AEneida
1141 984 1251 1057 tenta,

517 1127 521 1136 ·
547 1097 617 1171 Sed
633 1096 739 1194 longe
755 1094 909 1190 sequere,
925 1109 960 1164 et
975 1093 1122 1189 vestigia
1132 1091 1273 1192 semper
1288 1095 1408 1169 adora.

409 1273 414 1289 ι
453 1301 686 1381 ALClMI
720 1300 758 1370 de
784 1297 915 1391 Virgilio
937 1308 970 1367 et
995 1296 1128 1366 Homero
1150 1294 1237 1391 (otii.
1263 1276 1435 1397 Antholog.

775 1423 832 1492 lai.
853 1417 902 1504 II,
919 1434 969 1511 ep.
988 1422 1087 1512 177).

453 1549 618 1624 Maeonio
634 1549 717 1633 vati,
732 1547 812 1644 quis
828 1568 895 1641 par
911 1545 967 1615 vel
983 1545 1168 1639 proximus
1179 1545 1278 1635 silet,
1425 1592 1428 1596 -

504 1669 691 1745 Consultus
710 1670 815 1742 Paean
828 1668 916 1756 risit,
932 1687 966 1740 et
984 1668 1062 1739 haec
1080 1669 1228 1742 cecinit:
1405 1669 1410 1678 '

388 1846 393 1854 ,
455 1795 492 1868 Si
508 1794 629 1891 potuit
646 1792 752 1879 nasci,
768 1816 874 1889 quem
890 1810 928 1863 tu
947 1790 1147 1887 sequereris,
1163 1792 1337 1885 Homere,

502 1918 675 1993 Nascetur
691 1917 754 2014 qui
771 1934 806 1988 te
822 1914 937 2013 possit,
953 1914 1128 2002 Homere,
1144 1915 1255 2013 sequi.

463 2118 513 2192 D.
541 2117 959 2192 AUGUSTINUS
982 2118 1021 2188 de
1039 2115 1112 2189 Cio.
1133 2116 1271 2190 Deilib.
1291 2118 1421 2214 I,c.*3.

504 2244 701 2341 Virgilium
717 2244 820 2340 pueri
836 2244 970 2340 legant,
988 2230 1036 2315 ut*
1053 2242 1156 2338 po'e'ta
1181 2268 1329 2340 mugnus
1354 2269 1435 2315 om-

453 2366 624 2461 iri-umque
635 2365 1214 2463 praeclariffimusatqueoprimus,
1224 2366 1349 2438 teneris
1360 2367 1435 2439 im-
1506 2355 1509 2360 ’

452 2486 589 2560 bibitus
604 2488 717 2573 annis,
732 2513 803 2560 non
820 2487 926 2561 facilc·
940 2472 1123 2561 oblisiione
1136 2486 1241 2584 poffit
1253 2485 1399 2558 aboleri.

732 2689 1122 2709 Μ-

453 2784 655 2881 Sequuntur
662 2779 822 2874 ,carmina
839 2780 1170 2856 Grammaticorum
1178 2800 1213 2854 et
1225 2798 1433 2876 argumento

765 2932 917 3004 operum
934 2908 1092 3005 Virgilii.

454 3181 498 3254 P.
517 3182 647 3277 Virgilii
660 3179 810 3253 Maronis
824 3185 905 3268 vilo,
924 3208 945 3254 a
970 3182 1077 3254 Phoco
1100 3181 1315 3255 Grammatico
1341 3175 1433 3249 urbis

525 3304 646 3387 Romae,
667 3304 808 3391 verstbus
826 3306 925 3402 edito.
945 3306 1010 3377 oid.
1029 3304 1195 3399 Antholog.
1216 3302 1296 3373 Lot.
1313 3298 1357 3371 P.
1433 3338 1435 3341 >

433 3479 436 3483 ι
586 3426 769 3497 Burmanni
783 3428 851 3508 Sec,
871 3429 911 3499 T.
932 3428 961 3516 l,
981 3429 1055 3502 Lib.
1071 3430 1118 3516 ll,
1131 3430 1197 3525 Ep.
1221 3422 1300 3501 186.

811 3574 830 3620 P
846 3572 916 3620 RAE
932 3575 981 3621 ss
995 3576 1018 3622 T
1030 3576 1043 3622 1
1056 3576 1091 3623 ο.

663 3671 853 3745 Vetustatis
872 3678 1103 3750 memoranda
1119 3676 1246 3763 custos,

481 3787 485 3797 ,
678 3790 810 3907 Regios
827 3810 923 3882 aelus
939 3811 1042 3883 fimul
1062 3833 1096 3885 et
1109 3812 1253 3909 fugaces

482 3976 483 3980 ,
550 3938 770 4031 Temporum
789 3934 908 4006 cursus
925 3934 1051 4007 docilis
1069 3937 1192 4023 refere,
1282 4017 1292 4027 ,
1311 3948 1316 3954 ’

835 4056 954 4127 Aurea
972 4056 1066 4127 Clio.

549 4182 606 4253 Tu
624 4176 713 4251 nihil
730 4203 902 4273 magnum
921 4178 1002 4250 finis
1021 4178 1166 4256 interire
1177 4206 1188 4263 ‚⁶
1323 4227 1326 4232 »

545 4307 608 4379 Nil
625 4306 715 4376 mori
729 4305 864 4376 clarum
882 4306 1030 4400 pateris,
1057 4304 1234 4378 reservans

548 4428 698 4504 Posteris
717 4426 821 4524 prisci
839 4428 1061 4515 monimenta
1078 4426 1174 4498 soecli
1213 4469 1215 4472 -

844 4549 999 4623 Condita
1016 4547 1140 4620 libris,
