3575 5509
505 1427 633 1526 uu
738 1420 1272 1546 vrucrurr

646 1609 1125 1721 'nnrnrorrruua

685 1881 1080 1933 ἓξ
1172 1964 1174 1969 Ι

399 1988 643 2129 Enniuuou
663 2058 789 2132 elenchos
813 2071 950 2140 instituere
975 2086 1036 2133 tum
1060 2060 1174 2132 omnino
1193 2079 1234 2131 rer
1250 2068 1287 2130 est
1305 2061 1384 2129 valde

397 2151 521 2213 difficilis
541 2172 569 2214 et
584 2160 748 2218 molesti'ae
738 2182 770 2220 ac
793 2148 870 2244 taedii
890 2148 1003 2244 plena,
1001 2167 1060 2221 ιἰιιιι
1075 2159 1260 2239 multomagis
1275 2155 1385 2217 inVrr·

400 2241 552 2322 8¹110,qui
570 2265 586 2303 a
606 2242 810 2327 typographicae
830 2232 896 2308 inde
914 2251 978 2309 artis
997 2235 1084 2309 initiis
1096 2248 1173 2309 nullo
1186 2270 1240 2310 non
1256 2250 1338 2316 ainnt't,
1355 2255 1386 2306 et

399 2326 537 2390 interdum
550 2346 591 2392 ter
603 2351 742 2413 quaterve,
761 2338 835 2417 typis
855 2324 967 2395 excusus
986 2323 1049 2398 fuit.
1119 2333 1174 2395 uo'd
1189 2340 1278 2414 bpeiae
1288 2339 1385 2415 g'eirus,

397 2434 562 2497 quamquam
575 2443 631 2482 non
646 2438 702 2483 tarn
714 2426 813 2485 morosi
832 2426 931 2495 sumus,
950 2440 980 2483 ut
999 2445 1062 2485 cum
1075 2422 1106 2485 P.
1142 2440 1273 2483 urmanno
1283 2419 1314 2480 in
1326 2416 1386 2482 lid·
1388 2416 1392 2426 ’

398 2517 525 2567 monitione
541 2512 699 2591 deMasvic.
722 2516 783 2573 edit.
809 2514 890 2592 plane
910 2512 1089 2592 aspernemur,
1117 2533 1152 2572 ne
1175 2527 1234 2571 tum
1258 2509 1385 2590 quidem,

397 2612 463 2653 cum
492 2596 562 2656 nihil
592 2600 690 2660 feceris
724 2602 810 2671 aliud,
839 2622 920 2680 quam
952 2616 982 2659 ut
1012 2602 1167 2662 editionum
1200 2600 1322 2678 undique
1345 2599 1385 2668 ri·

398 2682 471 2741 tulos
485 2704 567 2745 unum
579 2688 712 2762 inlocum
726 2690 900 2769 congefferis3
920 2690 1000 2748 habet
1010 2690 1084 2748 enim
1097 2690 1155 2748 haec
1174 2687 1232 2768 ipsa
1255 2708 1295 2745 res
1317 2705 1383 2749 cunr

400 2769 437 2827 ad
449 2771 587 2833 historiam
601 2778 773 2848 litterariam,
793 2800 846 2857 qua
864 2780 940 2837 nulla
950 2779 1031 2836 facile
1043 2778 1205 2837 eruditionis
1217 2772 1385 2837 liberalioris

397 2876 460 2936 pars
472 2880 563 2921 carere
572 2868 666 2943 potest,
686 2882 745 2925 tum
764 2868 795 2924 in
816 2865 874 2945 ipsa
899 2884 928 2924 re
940 2882 1036 2924 crrtrca
1049 2866 1083 2923 ad
1096 2865 1250 2924 editionum
1262 2883 1386 2943 origines
1445 2902 1448 2908 -

397 2960 425 3004 et
445 2950 606 3028 propagines
625 2953 797 3055 indagandas
816 2954 943 3012 utilitatis
956 2943 1119 3032 plurimum
1139 2968 1167 3011 et
1179 2955 1318 3011 honestum
1329 2955 1384 3010 stu-

398 3033 475 3094 dium
495 3040 556 3117 quis
576 3058 657 3121 neget
668 3043 733 3121 poni
747 3043 775 3101 in
789 3063 828 3101 rer
818 3041 1045 3121 typographica²
1057 3021 1228 3098 incunabulis
1248 3054 1276 3097 ct
1295 3040 1386 3098 incre-

398 3126 497 3184 mentis
508 3130 724 3207 cognoscendis?
743 3152 791 3189 nec
813 3149 882 3189 tame
885 3151 904 3187 n
916 3149 965 3188 nos
984 3130 1015 3187 id
1034 3128 1176 3188 consilium
1188 3147 1259 3185 nunc
1272 3127 1385 3204 quidem

318 3255 324 3267 .
397 3211 504 3289 sequuti
527 3216 629 3287 sumus,
649 3233 689 3286 ut,
710 3221 784 3295 quod
805 3241 832 3277 n
826 3239 885 3276 mo
910 3216 1024 3276 facile
1015 3238 1047 3275 ιιι
1072 3217 1100 3275 se
1123 3215 1263 3294 receperit,
1288 3216 1385 3276 letiori

397 3317 491 3359 omnes
503 3302 620 3382 Virgilii
633 3306 764 3365 editiones
777 3308 1022 3365 adnumeraremus.
1054 3303 1170 3373 Verum,
1183 3325 1246 3362 cum
1257 3304 1385 3367 criticam

399 3386 565 3468 inaliquem
586 3396 720 3453 aridiorem
741 3396 789 3453 vix
811 3375 873 3454 satis
893 3394 1012 3452 feliciter
1030 3413 1062 3451 ac
1082 3408 1143 3452 tuto
1158 3395 1282 3452 exercere
1295 3396 1384 3472 poffis,

400 3476 451 3533 nisi
463 3479 586 3540 ledlionis
598 3484 715 3561 vulgata·
728 3500 766 3540 rat
769 3483 842 3541 iones
854 3499 880 3540 et
893 3484 1005 3553 caullas,
1018 3498 1120 3551 ortum,
1140 3481 1196 3540 fata
1208 3502 1240 3541 ac
1255 3482 1384 3541 viciffitu-

399 3564 479 3624 dines
491 3586 545 3626 non
563 3572 642 3648 plane
660 3571 787 3648 ignorcs;
807 3591 923 3649 cumque
936 3571 965 3628 in
975 3574 1116 3650 podtarum
1129 3568 1292 3649 principe,
1284 3590 1314 3627 ιιι
1327 3590 1385 3649 quo

398 3657 531 3732 majorem
543 3658 622 3716 etiam
637 3660 809 3738 diligentiam
823 3679 853 3715 ac
870 3660 1045 3717 subtilitatem
1066 3660 1151 3717 multa
1170 3658 1223 3717 live
1243 3658 1385 3736 requirunt

398 3742 451 3802 five
463 3745 599 3815 excusant,
619 3768 700 3826 quam
715 3749 775 3805 liin
789 3750 884 3825 quovis
898 3750 952 3807 alio
965 3751 1073 3807 auclore
1084 3747 1211 3806 verseris:
1231 3748 1385 3807 accuratio-

397 3848 454 3887 rem
466 3833 546 3891 talem
560 3837 689 3894 notitiam
702 3837 789 3893 multo
803 3837 889 3895 minus
902 3851 1039 3913 tamquam
1056 3856 1153 3894 vanam
1165 3852 1192 3894 et
1205 3835 1329 3895 inutilem
1343 3837 1385 3895 as·

398 3921 505 3995 pemati
520 3921 594 3984 licet
635 3924 711 3981 Turn
731 3942 794 3980 vero
817 3917 897 3981 illud
906 3924 1076 3981 tolerandum
1095 3926 1217 3982 ellenon
1230 3925 1384 3992 videbatur,

397 4010 471 4083 quod
491 4025 633 4069 contextus
654 4012 769 4111 quidem
780 4009 946 4109 Virgiliani,
966 4012 1000 4067 ad
1014 4011 1083 4070 illud
1097 4013 1178 4091 usque
1191 4028 1311 4092 tempus,
1327 4033 1384 4091 quo

396 4095 431 4152 ab
452 4095 520 4153 Nic.
536 4097 680 4157 Heinsro'
672 4098 820 4177 mtegritati
844 4098 908 4162 suae,
936 4112 1065 4174 quantum
1084 4100 1199 4201 quidem
1219 4121 1267 4178 per
1288 4099 1383 4168 libros,

397 4201 466 4258 quos
485 4182 624 4254 habemus,
644 4184 720 4251 licet,
742 4186 875 4243 restitutus
896 4187 943 4253 est,
962 4199 1019 4242 tota
1040 4186 1122 4255 ratio,
1141 4188 1223 4266 origo
1239 4207 1270 4244 ac
1285 4206 1384 4264 propa·

396 4269 593 4347 gatiotautum
605 4291 660 4348 non
673 4271 823 4350 ignoratur.
863 4271 948 4351 Qud
970 4271 1061 4348 ita'que
1083 4272 1112 4329 in
1131 4276 1208 4330 nullo
1227 4291 1282 4327 non
1295 4286 1383 4333 vetere

396 4354 529 4433 scriptore
549 4358 694 4416 admodum
716 4360 783 4417 utile
802 4376 829 4417 et
841 4359 1011 4417 neceffarium
1026 4374 1106 4435 atque
1118 4358 1201 4416 etiam
1214 4359 1328 4435 cognitu
1339 4361 1384 4436 ju-

395 4448 519 4508 cundum
539 4446 590 4503 elle
609 4445 815 4515 arbitrabamur,
835 4447 935 4525 primos
955 4449 1071 4524 uulgata¹
1089 4445 1212 4505 lectionis
1229 4445 1273 4505 seu
1296 4462 1386 4505 textur

396 4531 495 4605 fontes,
515 4553 663 4615 eorumque
682 4537 795 4607 rivulos,
814 4551 904 4597 tenere
925 4536 999 4593 etin
1018 4549 1126 4613 promtu
1139 4535 1249 4604 babere,
1268 4533 1385 4593 andeca

1293 4619 1389 4697 dulia,
