3575 5509
349 711 352 715 .
405 662 455 742 74
526 640 566 715 P.
609 634 898 711 VIRGILII
948 633 1245 712 MARONIS

402 856 491 912 tores3
512 860 575 899 cum
595 838 728 896 bellomm
743 834 869 893 civilium
882 833 1047 892 calamitates
1059 833 1201 893 hominum
1216 836 1322 897 animos
1332 850 1387 899 ter·

401 945 511 1006 roribus
523 944 612 1003 omnis
624 942 729 1021 generis
750 940 865 1017 agitatos
883 938 918 995 ad
939 937 1014 995 varia
1027 953 1224 1016 portentorum,
1244 942 1387 1023 prodigio-

402 1069 475 1117 mm,
495 1061 523 1106 et
534 1045 728 1105 vaticiniorum
741 1044 862 1102 ludibria
875 1044 1069 1102 convertissent.
1108 1044 1239 1123 Inprimis
1247 1063 1338 1107 autem
1352 1052 1387 1110 ad

402 1150 521 1227 Sibyllae
542 1149 625 1206 multa
649 1146 779 1206 vaticinia
805 1147 966 1215 referebant,
987 1146 1062 1222 cujus
1084 1151 1256 1209 oraculorum
1274 1152 1384 1230 generi,

403 1254 516 1314 omnino
527 1266 555 1311 et
568 1253 633 1310 alias
644 1251 715 1309 inter
734 1252 871 1309 Romanos
883 1264 910 1307 et
928 1263 992 1307 tunc
1010 1252 1097 1309 multo
1119 1252 1206 1329 magis
1216 1269 1274 1311 erat
1286 1275 1385 1334 magna

402 1358 556 1417 audioritas.
600 1356 724 1434 Collegit
746 1376 779 1413 ex
802 1354 849 1412 illa
870 1369 947 1412 aetate
966 1355 1074 1412 oracula
1098 1357 1229 1415 nonnulla
1252 1358 1386 1435 Sibyllina

404 1459 546 1519 Fabricius
560 1460 630 1517 Bibl.
647 1459 700 1516 Gr.
715 1461 799 1517 Tom.
820 1458 846 1526 I,
866 1458 916 1515 lib.
936 1460 962 1527 I,
982 1479 1008 1517 c.
1023 1480 1072 1535 30,
1091 1459 1116 1536 b.
1128 1461 1146 1518 6
1160 1460 1216 1538 sqq.
1257 1462 1310 1521 Sed
1326 1482 1382 1522 rem

401 1568 521 1628 satisvel
543 1586 610 1624 unus
630 1563 753 1623 Suetonii
771 1565 846 1621 locus
865 1562 962 1620 Ottav.
979 1583 1005 1622 c.
1028 1582 1059 1638 3¹
1081 1562 1220 1635 declarat,
1239 1584 1303 1622 cum
1324 1565 1382 1623 Au-

402 1673 493 1751 gustus
505 1670 623 1728 librorum
624 1670 789 1747 fatidicorum
802 1669 890 1725 Graeci
907 1668 1040 1743 Latinique
1056 1672 1166 1744 generis,
1184 1674 1228 1744 qui
1242 1667 1318 1724 nullis
1339 1665 1388 1725 ves

398 1795 494 1858 partem
506 1781 593 1836 idoneis
605 1773 741 1834 auiioribur
750 1773 914 1851 firebantur,
934 1772 1012 1849 supra
1031 1774 1087 1829 duo
1100 1770 1186 1829 millia
1194 1780 1322 1831 metenda
1333 1797 1384 1831 un.

402 1885 474 1962 dique
487 1882 646 1939 cremaverit.
686 1875 748 1950 Jam
772 1876 802 1933 in
825 1895 924 1953 magno
943 1875 990 1932 illo
1013 1895 1125 1936 numero
1144 1873 1333 1933 vaticiniorum
1353 1890 1383 1934 et

404 1984 588 2049 oraculorum,
599 2000 659 2058 quae
671 1979 768 2058 partim
781 1978 964 2057 superstitione
978 1979 1076 2058 partim
1090 1980 1227 2041 fraudibus
1235 1970 1381 2039 homilium

403 2089 548 2157 celebrata,
562 2101 589 2146 et
600 2087 652 2145 five
663 2085 712 2143 sub
724 2085 784 2145 aliis
797 2085 952 2144 nominibus
964 2085 1016 2143 five
1028 2086 1077 2144 sub
1089 2086 1252 2163 Sibyllarum
1270 2086 1382 2145 nomine

403 2193 496 2271 paffim
507 2190 616 2249 vendita
624 2189 711 2256 fuere,
728 2208 811 2250 unum
831 2188 885 2248 fuit
898 2188 1019 2265 aliquod,
1031 2190 1105 2267 quod
1118 2209 1243 2268 magnam
1261 2190 1382 2268 aliquam

402 2293 562 2353 felicitatem
580 2293 698 2352 suturam
719 2292 900 2370 promitteret,
919 2294 1035 2371 'ejusque
1056 2294 1263 2371 descriptionem
1284 2292 1319 2353 ab
1336 2292 1382 2361 iis,

403 2419 465 2476 quae
474 2397 508 2454 de
521 2395 618 2455 saeculo
628 2414 710 2454 aureo
721 2398 903 2458 memorassem
915 2401 1012 2476 poitae,
1032 2412 1209 2457 mutuaretur.
1250 2398 1318 2455 Erat
1328 2396 1382 2457 alia

402 2502 440 2559 ab
454 2500 574 2559 Etruscis
586 2502 706 2580 prosedla
720 2500 792 2560 sama
804 2502 839 2559 de
849 2504 912 2561 osio
923 2503 1027 2562 saeculis
1035 2502 1110 2581 genti
1124 2502 1243 2562 Etruscae
1254 2503 1336 2572 datis,
1354 2516 1382 2561 et

402 2605 439 2665 de
452 2604 548 2662 saeculo
561 2623 633 2662 nono
644 2603 708 2662 inde
720 2624 736 2661 a
753 2602 826 2662 Sulla
837 2604 941 2673 exorso,
961 2620 1018 2663 tum
1030 2606 1065 2663 de
1076 2606 1197 2673 decimo,
1216 2604 1325 2685 periodi
1341 2625 1381 2665 re-

402 2730 476 2779 rum,
495 2732 556 2788 quae
580 2725 637 2769 tum
660 2725 728 2777 erat,
747 2710 806 2768 fure.
828 2710 867 2768 cs.
893 2710 1034 2770 Censorio.
1057 2731 1083 2771 c.
1107 2732 1151 2790 ¹7·
1191 2712 1331 2773 Plutarch.
1350 2711 1380 2770 iu

373 2835 378 2844 ¹
403 2816 481 2873 Sulla
492 2836 519 2893 p.
534 2819 591 2895 456
603 2818 641 2873 A.
661 2815 809 2894 Opinionis
818 2815 958 2894 vestigium
971 2816 1080 2893 aliquod
1096 2816 1168 2894 apud
1182 2817 1256 2875 Serv.
1268 2816 1305 2874 ad
1317 2816 1379 2875 Ecl.

403 2916 464 2989 IX,
484 2938 519 2997 47
536 2918 572 2976 est
585 2917 698 2976 (lenoni
711 2918 801 2977 saeculi
810 2919 883 2978 exitu
897 2932 924 2977 et
937 2918 1052 2996 ingreffu
1065 2919 1177 2978 decimi.
1204 2920 1272 2979 Erat
1280 2920 1335 2979 alia
1346 2924 1381 2983 de

401 3044 503 3103 magno
516 3042 588 3081 anno
601 3035 719 3087 vertente
732 3043 747 3081 e
762 3022 908 3081 Platonicis
925 3037 953 3079 et
974 3022 1073 3081 Stoicis
1093 3023 1179 3101 petita
1196 3023 1304 3103 opinio,
1323 3044 1379 3104 quo

281 3177 283 3179 -
400 3131 524 3194 omnium
534 3150 623 3190 rerum
635 3134 804 3192 damniticam
816 3144 843 3187 et
856 3133 1055 3194 ἆποκατᾶςασις
1066 3130 1128 3187 effet
1140 3128 1243 3199 futura,
1253 3145 1312 3189 tum
1325 3131 1378 3189 alia

402 3236 438 3293 de
448 3256 548 3314 magno
560 3238 636 3315 Rege
656 3251 770 3295 venturo
782 3236 871 3294 fama:
892 3234 950 3293 vid.
969 3236 1080 3296 Sueton.
1098 3239 1176 3315 'Aug.
1200 3256 1250 3315 94.
1288 3236 1378 3317 Quas-

400 3358 507 3416 cunque
524 3354 611 3397 autem
626 3338 655 3396 in
667 3339 720 3399 hoc
732 3358 829 3416 genere
848 3338 1041 3418 descriptiones
1056 3360 1134 3399 novae
1147 3340 1285 3399 felicitatis
1296 3341 1378 3400 habe-

288 3517 294 3527 .
399 3460 470 3510 mus,
490 3441 582 3499 sivein
596 3443 717 3501 Orientis
731 3444 824 3519 sivein
845 3444 952 3505 Graecis
964 3464 995 3504 ac
1010 3446 1148 3503 Romanas
1165 3446 1266 3524 politis,
1285 3466 1377 3507 omnes

399 3545 457 3603 fere
469 3543 541 3603 inter
559 3546 586 3603 se
597 3546 696 3605 similes
716 3546 796 3606 sunt:
818 3548 905 3607 bestiae
926 3570 957 3608 ac
979 3550 1041 3608 serae
1060 3552 1173 3619 cicures,
1191 3550 1323 3627 serpentes
1334 3552 1376 3610 in·

398 3646 494 3715 nocui,
515 3633 604 3725 friges
617 3649 693 3707 nuno
706 3650 780 3708 eursu
800 3654 1156 3732 enatae,mareplacidu1n,
1177 3655 1220 3713 <m
1238 3657 1376 3733 praetenta

397 3745 429 3803 in
441 3745 517 3804 terris
526 3746 632 3825 aliaque
649 3748 781 3825 ejusmodi
797 3750 827 3807 in
840 3752 968 3811 omnibus
980 3736 1170 3814 memorantur.
1209 3754 1328 3816 Nullum
1347 3759 1375 3816 in

397 3850 441 3910 his
452 3850 608 3927 phantasma
617 3853 664 3918 est,
683 3853 757 3931 quod
771 3874 826 3912 non
839 3874 914 3913 mens
926 3856 1044 3915 humana
1055 3878 1155 3937 magno
1168 3874 1241 3917 metu
1253 3862 1374 3919 contacta

397 3951 541 4031 concipere
554 3955 680 4032 poffit,si
704 3957 739 4013 ad
760 3957 824 4014 vitae
845 3958 1057 4038 simplicitatem,
1075 3982 1091 4019 a
1111 3962 1228 4039 pestibus
1249 3977 1277 4021 et
1297 3962 1374 4021 malis

396 4073 556 4133 magnarum
568 4057 677 4116 urbium
693 4075 720 4117 et
738 4080 900 4139 magnorum
910 4063 1085 4142 imperiorum
1097 4067 1251 4137 liberatam,
1271 4068 1374 4146 cogita·

396 4154 472 4214 tione
496 4156 523 4213 se
541 4156 670 4217 retulerit.
711 4158 781 4219 Haec
803 4164 897 4223 eadem
915 4165 999 4222 aetatis
1018 4185 1113 4233 aureae,
1132 4166 1221 4225 saculi
1243 4165 1373 4246 Saturuii,

395 4257 469 4322 bona
479 4261 653 4323 constituunt.
752 4305 754 4309 ψ

433 4362 499 4420 Hoc
511 4362 602 4441 itaque
614 4370 724 4429 oraculo
736 4386 763 4429 et
774 4373 908 4433 vaticinio
922 4376 965 4436 seu
977 4392 1132 4437 commento
1146 4378 1290 4459 ingenioso
1309 4378 1384 4455 Vir·¹

381 4460 478 4562 ‘gilius
497 4470 640 4529 commode
650 4470 710 4531 usus
729 4474 789 4545 elie,
808 4492 847 4543 et,
867 4478 974 4555 quade
993 4492 1071 4542 aetate
1090 4498 1181 4551 aurea,
1200 4479 1327 4559 inprimis
1338 4478 1373 4536 ab

1222 4580 1375 4650 'HGfiOdOr
