3575 5509
409 639 567 772 resurr
665 646 755 749 ba
805 648 1135 750 'vrnornrr

400 880 493 949 dueta,
512 871 652 957 'quousque'
670 872 804 956 progressa
823 871 865 946 fit,
885 876 995 955 quando
1008 878 1116 936 cursum
1128 879 1272 938 mutaverit
1284 894 1330 941 aut
1341 881 1386 943 im

399 968 520 1038 flexerit,
540 987 629 1045 quove
647 981 767 1044 ternpore
777 964 908 1023 'nobilior
919 966 1012 1043 aliqua
1024 967 1111 1025 editio
1124 968 1282 1035 succedent,
1302 981 1386 1048 quarn

397 1066 536 1132 tamquam
555 1056 654 1114 ducem
672 1054 795 1131 vulgaret
814 1046 926 1132 ieliq‘uae'
941 1054 1127 1131 sequerentur3
1147 1056 1219 1113 idem
1233 1056 1386 1118 institutum

397 1142 569 1232 in‘Virgilio
591 1144 610 1201 [ι
634 1141 696 1224 quis
716 1142 881 1219 sequendum
896 1141 945 1201 fibi
957 1135 1007 1201 elle
1020 1144 1183 1212 credidisset,
1202 1147 1345 1206 verendum
1358 1146 1387 1205 ei

319 1299 322 1304 ‚
399 1253 455 1292 non
468 1232 519 1290 effe
531 1232 702 1311 putabamus,
721 1248 755 1287 ne
767 1230 892 1289 inutilem
912 1233 940 1288 e‘t
956 1252 1053 1312 vanam
1072 1252 1181 1311 operam
1196 1234 1291 1291 locasse
1309 1234 1386 1291 vide-

399 1335 484 1388 retur.
523 1320 586 1396 Jam
606 1339 670 1378 curn
694 1316 802 1375 confilii
826 1318 905 1395 hujus
926 1318 1090 1396 exsequendi
1110 1321 1210 1398 duplex
1228 1320 1296 1377 ratio
1319 1318 1385 1378 iniri

400 1411 494 1488 poliat,
515 1399 561 1468 aut
583 1426 613 1467 ut
635 1423 732 1465 ornnes·
747 1404 872 1464 omniurn
892 1419 1045 1486 temporum
1065 1406 1198 1465 editiones
1213 1408 1243 1464 iu
1261 1406 1387 1465 manibus

398 1498 523 1567 haberes,
542 1514 688 1574 earumque
705 1492 908 1571 comparatione
919 1492 1097 1570 cognationes
1110 1510 1135 1550 er
1149 1496 1283 1552 stemmata
1295 1496 1386 1573 fingu-

397 1585 487 1646 larum
508 1586 660 1646 editionum
683 1582 858 1664 intelligeres,
877 1594 924 1639 aut
947 1597 977 1637 ut
999 1580 1115 1637 aliorum
1136 1582 1217 1639 fidem
1231 1582 1387 1659 sequereris,

399 1688 474 1733 etex
488 1674 532 1739 iis,
553 1692 612 1751 quae
624 1671 678 1729 five
690 1667 833 1728 critiels'et
843 1667 1008 1736 editoribus,
1026 1668 1080 1725 five
1099 1688 1113 1725 a
1134 1669 1198 1725 siris
1219 1670 1318 1739 doliis,
1336 1669 1386 1748 qui

399 1777 502 1823 veteres
513 1778 541 1820 et
553 1759 668 1818 rariores
679 1756 813 1832 editiones
831 1768 1086 1821 commemorarunt,
1106 1756 1141 1812 de
1160 1753 1270 1832 siugulis
1282 1757 1385 1815 editio-⁴

399 1849 481 1909 nibus
492 1849 601 1929 prodita
613 1845 686 1914 sunt,
706 1842 821 1913 ratione,
838 1843 945 1920 judicio
957 1843 1000 1901 seu
1015 1845 1169 1920 conjeslura
1180 1845 1289 1902 eliceret
1302 1862 1386 1923 atque

354 1967 358 1972 ·
399 1936 585 2017 expiscareris,
604 1934 639 1992 ad
664 1951 743 2011 quarn
765 1947 901 2009 tamquam
923 1930 1030 2009 stirpem
1054 1952 1217 2009 unaquaque
1237 1933 1323 1993 editio
1343 1954 1387 1993 rea

398 2024 511 2096 ferenda
522 2024 600 2082 esset:
621 2021 697 2099 prior
716 2020 764 2078 illa
784 2020 875 2084 viaet
894 2019 964 2077 ratio
986 2020 1161 2095 hauddubie
1179 2022 1264 2079 tutior
1281 2038 1339 2081 erat
1357 2039 1386 2084 ct

399 2113 499 2173 melior
507 2136 517 2183 3
537 2113 568 2171 in
580 2110 704 2191 Virgilio
718 2122 807 2167 tamen
819 2107 896 2166 nullo
910 2108 993 2165 modo
1007 2105 1073 2165 iniri
1088 2122 1203 2185 poterat,
1222 2130 1285 2167 cum
1299 2120 1387 2190 neque¹

399 2204 483 2264 nllam
496 2201 692 2278 bibliothecam
706 2199 795 2257 adhuc
809 2198 973 2256 audierimus
992 2198 1053 2265 elle,
1074 2218 1133 2275 quae
1146 2200 1274 2275 majorem
1292 2199 1386 2261 saltem

397 2294 551 2353 editionum
559 2288 777 2368 Virgilianarum
788 2301 891 2364 partem
902 2286 1056 2356 contineat;
1071 2305 1157 2365 neque
1165 2287 1302 2365 expeslari
1313 2290 1386 2368 polsd

394 2382 589 2447 existimamus,
607 2390 639 2434 ut
658 2378 766 2434 cunum
785 2374 921 2432 editiones
940 2374 1032 2452 aliqua
1057 2394 1092 2431 ex
1104 2389 1180 2451 parte
1194 2377 1391 2438 memorabiles·

398 2490 484 2529 unum
497 2466 630 2526 inlocum
644 2463 778 2540 congestas
797 2461 894 2537 aliquis
914 2462 1018 2532 videat;
1040 2463 1122 2519 altera
1141 2478 1229 2522 autern
1244 2464 1305 2535 satie
1320 2451 1383 2543 qui.¹

398 2556 462 2616 dem
475 2554 592 2621 lubrica,
605 2548 821 2616 difficultatibus,
835 2543 1007 2625 impedita‘et
1018 2550 1153 2608 erroribus
1166 2550 1284 2609 obnoxia
1295 2541 1385 2613 videri
1437 2591 1440 2596 -

397 2645 524 2706 debebat.
565 2642 638 2699 Cum
658 2654 747 2696 tamen
771 2635 905 2715 optimum
920 2651 947 2694 et
960 2636 1127 2696 utilissimum
1146 2639 1385 2701 corrationaliter

433 2734 491 2794 rfrci
503 2729 638 2809 nequiret,
657 2728 691 2786 ab
705 2721 759 2785 alio
771 2742 859 2783 autem
880 2744 913 2784 ne
927 2726 1022 2783 tentari
1035 2726 1145 2805 quidem
1158 2730 1253 2805 posset,
1272 2728 1322 2788 nisu
1334 2728 1384 2809 qui
1400 2771 1405 2777 ·

398 2845 429 2884 au
440 2820 566 2901 Virgilio
578 2815 779 2895 interpretando
792 2814 952 2883 versaretur,
972 2829 999 2873 et
1017 2813 1132 2893 publice
1151 2815 1267 2893 alicujus
1281 2815 1384 2877 biblio·

398 2912 485 2971 thecae
503 2904 642 2967 litterariis
660 2903 746 2985 copiis
767 2903 906 2961 instruelus
922 2903 1003 2972 effet3
1023 2906 1193 2982 eumquerrel
1205 2907 1242 2964 stc
1254 2904 1386 2984 aliqunto

397 3020 448 3059 nus
468 2996 618 3079 progressus
639 2994 690 3051 else
711 2990 764 3050 tibi
786 2991 873 3049 videri
899 2992 986 3069 pollis,
1013 2992 1096 3049 modo
1121 2993 1237 3053 fundum
1262 2995 1382 3073 aliquem

397 3088 532 3169 posueris,
551 3083 597 3144 cui
609 3082 784 3146 inaedificare,
804 3094 842 3146 et,
863 3080 937 3156 quod
951 3080 1003 3137 tibi
1016 3079 1173 3159 contingere
1184 3102 1237 3139 uon
1248 3098 1384 3161 potuerat,

397 3196 460 3237 rem
483 3196 501 3235 a
521 3190 547 3232 te
568 3171 723 3231 inchoatam
745 3169 881 3246 perficere,
910 3166 971 3223 aliis
990 3168 1019 3225 in
1042 3184 1151 3245 promtu
1169 3169 1217 3227 fit:
1238 3191 1324 3249 neque
1346 3171 1384 3232 lio

397 3282 508 3351 operam
519 3266 590 3321 hanc
603 3258 798 3337 defugiendam
817 3257 867 3314 esse
886 3254 1011 3313 arbitrati
1024 3255 1123 3314 sumus.
1162 3256 1193 3314 Si
1210 3258 1284 3316 enim
1304 3258 1384 3320 semel
1460 3252 1463 3261 ¹

398 3351 551 3411 editionum
570 3348 662 3425 stirpes
682 3365 714 3402 ac
734 3344 850 3402 familias
865 3344 907 3400 uel
926 3342 1081 3421 pinguiore,
1101 3359 1131 3402 ut
1149 3345 1238 3411 aiunt,
1258 3348 1383 3407 Minerva

397 3437 543 3515 descriptas
561 3432 749 3492 habuerimus:
771 3429 926 3507 unicuique,
947 3430 994 3506 qui
1008 3430 1155 3500 editionem
1168 3433 1246 3491 uobis
1262 3449 1308 3492 aut
1325 3455 1383 3495 nou

399 3526 522 3587 vitamet
535 3519 685 3602 cognitam,
695 3535 742 3599 aut
751 3539 805 3577 non
814 3518 876 3577 satis
886 3534 1011 3577 accurate
1023 3534 1050 3579 et
1061 3523 1198 3600 explorate
1210 3523 1384 3605 descriptam,

398 3616 448 3675 sub
460 3635 541 3673 manu
554 3611 678 3671 habuerit
690 3611 720 3678 ⁴*,
738 3610 820 3667 facile
833 3623 860 3668 et
872 3608 1029 3687 expeditum
1049 3612 1113 3680 erit,
1132 3613 1265 3693 dispicere
1284 3635 1316 3673 ac
1334 3616 1381 3674 de-

397 3703 488 3773 sinire,
507 3704 543 3761 ad
562 3702 637 3781 quod
656 3699 809 3759 editionum
824 3718 919 3778 genus,
939 3700 974 3756 ad
994 3721 1075 3777 quam
1087 3703 1204 3771 classem,
1224 3723 1256 3761 ea
1268 3704 1300 3762 fit
1313 3704 1382 3763 refe:

398 3794 496 3863 reuda,
514 3792 642 3871 quodque
660 3791 729 3847 adeo
751 3789 866 3868 pretium
889 3788 916 3846 ei
936 3788 967 3846 fit
988 3791 1166 3856 statuendum,
1186 3813 1280 3869 quaeve
1299 3814 1333 3852 ex
1349 3814 1382 3855 ea
1441 3806 1444 3810 '

398 3882 452 3941 five
464 3882 499 3939 ad
510 3900 567 3940 rern
578 3878 703 3939 criticam
722 3879 775 3937 live
794 3879 828 3936 ad
848 3879 1094 3956 interpretationem
1115 3880 1220 3938 utilitas
1238 3881 1270 3939 fit
1284 3903 1382 3962 expec⁴
1401 3889 1414 3924 ’-

397 3970 490 4029 tanda.
529 3970 571 4026 Ita
582 3969 688 4027 tandem
702 3968 720 4026 [ι
734 3970 821 4047 plures
833 3988 875 4037 ea,
896 3990 956 4045 quae
974 3968 1022 4047 ipsr
1042 3969 1294 4038 animadverterint,
1315 3972 1382 4030 diti.

398 4073 493 4139 genter
513 4070 541 4115 et
559 4073 683 4115 accurate
701 4058 874 4126 tradiderint,
894 4057 995 4135 sperare
1008 4058 1082 4126 licet,
1100 4056 1184 4116 alium
1203 4058 1259 4133 port
1280 4077 1330 4117 nos
1348 4076 1383 4119 eo

397 4160 588 4228 perventurum
607 4143 668 4211 elle,
690 4158 722 4201 ut
741 4145 935 4203 accuratiorem
962 4139 1050 4201 textus
1068 4142 1381 4221 Virgilianihlstoriam

397 4250 534 4315 pertexere
554 4248 583 4292 et
604 4230 737 4311 pleniores
750 4232 903 4291 editionum
923 4233 1031 4291 annales
1051 4233 1167 4293 condere
1186 4232 1273 4312 poliit.
1313 4234 1381 4316 Qno

429 4413 446 4445 θ
462 4411 518 4461 Post
528 4412 586 4460 edit.
599 4411 703 4476 primam
715 4412 793 4462 multa
803 4413 873 4474 hujus
884 4415 980 4481 generis
990 4414 1037 4467 sua
1045 4415 1147 4467 Notitiae
1157 4415 1269 4485 scriptor.
1281 4416 1380 4467 latinor'.
1404 4402 1422 4424 ⁶

395 4477 527 4529 inseruerat
542 4476 632 4527 Harles.
645 4489 680 4528 to.
693 4480 711 4538 1,
721 4495 746 4545 p.
760 4479 808 4544 296
818 4480 853 4544 sq.
1040 4495 1042 4500 ’
1384 4490 1387 4497 ·

1288 4580 1382 4664 itaque
