3575 5509
402 714 450 772 tn
680 683 761 759 DE
809 680 1100 763 VIRGILII

402 886 540 967 curavit
579 882 634 977 Jo.
678 883 779 986 Cajet.
821 882 991 960 Battarius
1027 883 1066 955 in
1106 880 1287 955 volumine
1322 883 1382 962 in..
1457 985 1459 990 Ι

401 1015 554 1108 scripto:
976 1098 982 1105 ἡ

451 1134 674 1236 Antiqaiffimi,
698 1134 872 1231 Virgiliani
902 1135 1013 1207 codicis
1037 1136 1225 1231 fragmenta
1256 1150 1289 1208 ct
1306 1140 1384 1231 pica

253 1261 255 1266 .
402 1278 485 1342 turae
515 1287 553 1343 ex
585 1258 767 1332 bibliotheca
794 1258 950 1332 Vaticana
984 1260 1029 1333 ad
1056 1259 1180 1353 priscas
1214 1262 1384 1354 imaginum
1395 1255 1404 1287 ·.

390 1385 519 1488 formas
542 1410 563 1454 a
588 1382 686 1453 Petro
711 1383 827 1451 Saniie
850 1380 1002 1465 Bartholi
1024 1384 1088 1451 inci
1098 1407 1137 1454 ae.
1175 1381 1294 1453 Romae.
1329 1382 1384 1459 Ex

404 1507 652 1604 Chalcographio
663 1508 707 1581 R.
729 1506 764 1576 C
784 1504 827 1574 A.
844 1502 1033 1614 (Romanae
1052 1504 1213 1617 Camerae
1228 1505 1385 1609 Aposto-

403 1629 503 1717 licae)
520 1630 608 1723 apud
623 1627 738 1699 Pedem
759 1627 979 1698 Marmoreum
999 1649 1095 1721 1741,
1106 1652 1160 1720 gr.
1164 1629 1230 1719 fol.
1458 1625 1459 1628 ’
1488 1709 1490 1716 ¹

453 1750 639 1847 Inscriptae
651 1749 842 1828 Benedicio
853 1749 946 1825 XIV
961 1776 982 1828 a
995 1747 1052 1842 Jo.
1070 1750 1263 1825 Dominico
1274 1751 1387 1822 Com.

404 1878 517 1977 piglia
543 1876 840 1973 Chalcographiae
876 1877 919 1950 C.
951 1879 998 1949 A.
1034 1874 1140 1964 Praef.
1191 1874 1271 1961 Sed,
1304 1898 1387 1969 quae

404 2003 581 2106 praemissa
594 2003 666 2090 xest,
690 2003 827 2076 erudita
851 2002 1014 2101 praefatio
1046 2003 1203 2075 Bottario
1226 1999 1385 2072 debetur.
1473 2067 1475 2072 .

403 2127 567 2200 Primum
593 2125 798 2222 exemplum
815 2128 1035 2224 piciumrum
1052 2123 1197 2197 Camilli
1216 2121 1388 2193 Cardina-

405 2249 448 2323 lis
467 2230 622 2321 Maximi
643 2249 704 2341 (de
721 2248 913 2337 Maximis)
926 2246 1020 2345 juffu
1032 2248 1190 2319 Bartolus
1207 2245 1304 2319 tabb.
1321 2245 1388 2318 LV

405 2397 474 2444 aere
491 2370 709 2474 expresserat.
762 2370 878 2443 Pauca
893 2372 939 2441 ab
962 2370 1030 2442 hoc
1054 2394 1123 2441 aere
1145 2388 1243 2441 erant
1265 2395 1390 2444 exem,

405 2498 467 2591 pla
491 2496 614 2579 du&a;
649 2496 685 2566 in
713 2495 842 2591 quibus
873 2522 957 2568 cum
987 2496 1108 2591 prima
1132 2497 1263 2593 pagina
1291 2496 1391 2570 radio

406 2637 553 2703 exarata
571 2642 721 2691 vacuum
746 2618 873 2690 litteris
896 2618 1108 2715 recipiendis
1134 2620 1277 2699 haberet
1308 2619 1388 2717 spa-t
1472 2634 1479 2649 ¹

407 2741 513 2829 tium,
538 2741 662 2814 titulus
685 2721 769 2815 cnm
785 2767 879 2818 anno
893 2743 938 2815 ab
955 2743 1032 2815 aliis
1056 2744 1158 2818 aliter
1183 2745 1232 2817 ost
1248 2744 1390 2842 supple-

408 2880 477 2936 tus.
530 2863 572 2937 In
597 2864 818 2939 Bibliotheca
840 2868 1173 2957 nostraacademica
1195 2869 1244 2943 est
1267 2892 1392 2939 exem-

407 2986 512 3083 plum
537 2985 562 3060 s.
589 2971 964 3062 as-Aliudvidimus
996 3016 1030 3064 a.
1065 2980 1164 3085 1725
1188 2990 1284 3063 aliud
1300 2991 1392 3062 anni
1449 3075 1451 3077 ¹

411 3106 518 3204 1677,
541 3138 567 3201 4
590 3110 627 3183 in
649 3109 852 3184 Memorab.
879 3112 1049 3184 Biblioth.
1068 3112 1193 3185 Dresd.
1213 3114 1259 3185 T.
1286 3113 1389 3200 II,'n.

408 3249 492 3325 317·
545 3230 645 3333 Qid
669 3232 766 3335 quod
790 3233 919 3305 iterum
947 3238 1036 3325 1782
1068 3234 1218 3308 Venant.
1246 3235 1393 3309 Monal.
1478 3272 1483 3280 »

409 3354 515 3427 dinus
539 3357 681 3428 lucrum
705 3381 811 3427 exeo
835 3358 1036 3431 recudendo
1059 3358 1234 3454 quaefivit.
1293 3358 1392 3430 Tan..

409 3474 494 3556 dem
520 3478 691 3571 praeclaro
714 3476 859 3559 confilio
887 3480 1063 3560 Bottarius
1087 3497 1204 3559 totum
1228 3482 1393 3560 codicem

410 3598 556 3695 vulgare
573 3600 735 3677 instituit.

345 3790 346 3794 ,
459 3724 524 3797 Est
544 3745 663 3805 autem
688 3728 747 3801 ille
771 3731 884 3803 code'x
908 3724 1198 3805 membranaceus
1221 3732 1394 3831 quadrato

410 3845 605 3937 volumine,
629 3852 673 3923 ad
695 3852 802 3926 nostri
831 3852 909 3927 fere·
926 3857 1165 3953 quaternionis
1182 3855 1348 3945 formam,
1372 3884 1399 3936 a

409 3966 555 4041 librario
571 3972 842 4069 imperitissimo,
865 4004 938 4075 quo
960 3979 1038 4075 ipso
1057 3981 1144 4063 fides
1166 3980 1239 4078 ejus
1257 4000 1293 4054 et
1308 4006 1395 4076 auc,

412 4092 536 4165 totitas
570 4113 679 4168 tanto>
706 4101 819 4199 major
852 4102 913 4189 est,
949 4101 1144 4201 majusculo
1177 4122 1212 4174 et
1245 4102 1395 4200 quidem

412 4216 556 4311 capitali
573 4216 737 4295 Romano
758 4225 887 4297 rustico
903 4226 1113 4312 charadion,
1137 4225 1314 4298 continuis
1330 4250 1396 4299 voa
1457 4234 1460 4241 '

279 4330 282 4340 ’
305 4342 309 4352 “
412 4336 525 4426 cibus,
550 4339 621 4413 fine
644 4343 928 4441 interpondiione
950 4356 1119 4436 ¹exaratus,
1144 4372 1253 4445 quam
1273 4365 1395 4421 tamen

346 4500 348 4506 ¹
413 4462 589 4546 recentior
605 4481 641 4542 et
658 4466 801 4550 indata
816 4493 938 4549 manus
954 4469 1079 4577 paffim
1101 4469 1290 4573 supplevit⁴
1312 4471 1397 4566 pict
1483 4507 1486 4512 -

253 4691 398 4845 Ἶ
427 4872 440 4913 Ι,

1303 4591 1397 4673 turis
