3575 5509
396 670 466 728 ,ω
669 633 1090 712 PROOEMIUM

393 845 491 942 quod
532 838 652 940 paullo
690 852 773 910 ante
810 825 1191 934 crimmemorabamus,
1231 838 1390 919 delirill'e

396 969 550 1066 Virgilio
575 968 737 1040 divinam
767 963 867 1036 illam
892 987 984 1036 nova
1008 982 1044 1035 et
1068 965 1199 1037 intasta
1227 967 1276 1040 ab
1303 970 1387 1044 aliis

394 1096 542 1194 proprio
561 1095 720 1190 quodam
735 1091 812 1164 nisu
829 1088 1028 1188 proferendi
1045 1090 1134 1178 vim,
1159 1090 1319 1166 liberum
1337 1091 1386 1164 il..

393 1217 473 1296 lum
487 1218 599 1292 animi
615 1240 680 1312 per
696 1216 821 1312 ignota
837 1231 872 1285 et
898 1213 1067 1286 intentata
1083 1212 1245 1310 vagantis
1260 1213 1385 1309 impe-

395 1364 498 1426 turn;
524 1364 632 1439 quem
649 1357 768 1411 tamen
786 1336 904 1432 ipsum
921 1335 1118 1408 verecunda
1139 1336 1213 1424 illa,
1236 1335 1329 1408 radia
1343 1352 1383 1414 et

395 1467 574 1563 castigata,
614 1459 780 1534 carminis
816 1458 1083 1556 pulchritudine
1126 1459 1312 1534 redemisse
1340 1479 1378 1542 et

396 1584 633 1684 compensasse
659 1584 772 1656 videri
798 1584 926 1663 debon
952 1607 1066 1679 neque
1089 1584 1127 1655 in
1153 1584 1214 1656 illa
1236 1610 1379 1664 morum

268 1768 279 1786 .
396 1711 554 1806 vitaeque
580 1707 755 1803 elegantia
780 1706 885 1778 certis
902 1705 1040 1778 decoris
1056 1706 1296 1780 ethonestatis
1312 1733 1381 1784 cu..

390 1836 535 1935 jusdam
554 1834 691 1931 legibus
708 1832 881 1919 adstrida,
905 1849 966 1904 aut
992 1834 1032 1908 in¹
1054 1833 1115 1904 illa
1139 1833 1308 1909 doctrinm
1330 1860 1373 1922 ao

396 1964 594 2035 litterarum
609 1957 725 2052 copia,
749 1981 831 2054 quae
848 1958 884 2032 in
904 1957 1057 2054 Virgilio
1074 1954 1144 2028 fuit
1161 1958 1250 2032 liber
1264 1959 1322 2032 ille
1337 1977 1374 2034 et

397 2088 503 2182 supra
519 2083 682 2156 mortalia
691 2084 846 2155 emicans
862 2101 897 2155 et
915 2102 1097 2178 tamquam
1114 2083 1214 2156 alatis
1225 2083 1379 2161 Platonis

397 2210 498 2307 aquis
507 2209 599 2279 inter
607 2206 717 2278 nubes
728 2208 866 2278 evectus
876 2203 1285 2302 spiritusvigcrepotuit;
1303 2209 1379 2290 lieri

398 2335 495 2410 enim
505 2332 605 2402 aliter
613 2328 807 2424 vixpotest‚
814 2353 922 2425 quam
940 2347 979 2400 ut
993 2330 1070 2401 haec
1081 2330 1239 2427 operosae
1247 2333 1380 2408 dostri-

397 2480 455 2530 nae
470 2454 567 2550 quast
586 2451 719 2523 sarcina
730 2450 910 2547 impetum
920 2453 1031 2526 animi
1041 2433 1258 2530 diviniorem
1272 2479 1381 2532 retar-

397 2579 481 2658 det;
499 2573 604 2658 unde,
622 2594 736 2666 neque
752 2595 795 2643 ex
811 2573 1015 2646 academica
1030 2573 1144 2646 nostra
1161 2576 1380 2663 institutione,

397 2701 572 2794 umquam
587 2694 831 2778 Homericum
845 2693 991 2791 aliquod
1013 2695 1197 2792 ingenium
1217 2718 1278 2772 aut
1296 2727 1379 2798 pro-.

396 2821 497 2894 diiffe
509 2835 569 2889 aut
581 2816 810 2912 proditurum
822 2817 900 2904 effe,
914 2817 1015 2889 facile
1027 2820 1191 2915 augurari
1203 2822 1310 2906 licot;
1328 2827 1380 2908 uti

398 2959 523 3017 contra
532 2939 647 3038 politis
657 2938 953 3036 nostris‚quorum
964 2941 1092 3012 animis
1101 2940 1246 3039 Virgilii
1256 2964 1291 3018 ct
1298 2948 1380 3024 Ho..

399 3065 491 3141 meri
500 3062 650 3135 obscura
658 3061 774 3157 aliqua
789 3061 887 3133 notio
898 3080 1035 3133 tantum
1047 3087 1090 3134 ex
1099 3067 1229 3160 puerili
1241 3068 1383 3146 institu-.

397 3193 496 3266 tione
524 3184 662 3270 insidet,
692 3183 858 3280 calligata
875 3202 910 3255 et
937 3184 1113 3258 elaborata
1136 3189 1259 3284 dictio,
1290 3197 1382 3272 casta

398 3331 435 3400 et
448 3311 541 3384 redla
557 3307 726 3381 carminis
750 3306 979 3401 pulchritudo
1000 3305 1066 3380 aut¹
1081 3311 1253 3409 elegantia
1269 3322 1384 3398 exin..

401 3434 499 3532 genii
518 3433 615 3503 cultu
627 3431 852 3527 exquilitiore
864 3433 1032 3528 profecia,
1049 3436 1141 3508 inter
1152 3438 1284 3532 laudes,
1301 3451 1383 3545 qui.

398 3561 466 3632 bus
496 3558 804 3647 commendentur,
829 3561 889 3635 vix
911 3562 1031 3633 haberi
1057 3565 1200 3658 poterit.
1252 3569 1384 3647 Enim.

398 3706 497 3767 vero,
521 3681 729 3752 fiHomcro
744 3700 851 3778 atque
877 3684 954 3756 aliis
985 3684 1161 3760 nonnullis
1188 3689 1282 3765 forte
1294 3699 1386 3793 po'e.

398 3804 445 3877 tis
463 3803 522 3873 illa
538 3802 724 3891 diviniore,
749 3827 829 3899 quae
845 3805 881 3876 in
904 3805 1105 3883 inveniendi
1124 3809 1292 3894 felicitate
1306 3845 1386 3898 ccr-

399 3930 509 4016 nitur,
534 3930 669 4024 ingenii
688 3931 722 4000 vi
739 3932 835 4004 cedit
857 3930 1038 4029 Virgilius,
1062 3937 1098 4010 in
1122 3936 1199 4042 hac,¹
1229 3962 1313 4038 quae
1332 3946 1387 4020 se.

403 4049 521 4130 cunda
537 4049 603 4120 elle
622 4049 761 4134 videtur
776 4050 821 4121 ab
838 4051 899 4133 illa
921 4052 1026 4132 facile
1041 4058 1205 4142 omnium
1220 4061 1270 4135 est
1283 4066 1389 4161 prin.

402 4196 487 4268 ceps
501 4171 694 4260 habendus,
711 4194 750 4244 ut
766 4197 917 4271 eapquae
928 4175 973 4246 ab
989 4177 1067 4254 aliis
1084 4177 1275 4278 acceperit,
1291 4188 1390 4262 mul.

403 4313 442 4367 to
461 4297 634 4366 ornatiora
649 4313 684 4366 et
703 4295 906 4391 pulchriora
926 4298 971 4378 ab
993 4301 1068 4397 ejus
1088 4302 1235 4400 ingenio
1255 4309 1392 4403 prode-

402 4437 475 4488 ant.
533 4416 644 4515 Qod
667 4419 845 4515 magistris
872 4423 999 4516 nostris
1026 4445 1215 4533 acceptum
1238 4449 1305 4527 nos
1331 4457 1396 4522 re,

403 4536 492 4622 ferte
508 4536 671 4633 solemus,
695 4565 745 4633 ut,
770 4571 856 4621 cum
878 4572 899 4624 a
918 4550 1125 4646 parentibus
1150 4553 1264 4642 vitam
1281 4579 1394 4632 acce-¹

799 4696 815 4749 1
1215 4677 1397 4788 perimus⁸
