3575 5509
552 627 949 783 uucourca,
997 692 1141 773 acu
1184 693 1248 773 nr.
1338 722 1382 799 91

407 888 484 974 Pan
499 889 607 974 etiam
620 888 776 963 Arcadia
790 887 888 972 dicat
905 887 1074 989 sejudice
1091 890 1239 974 victum.
1262 957 1264 964 .

407 1026 545 1124 Incipe,
569 1052 677 1123 parve
692 1050 793 1123 puer,
818 1026 887 1099 risu
903 1028 1116 1125 cognoscere
1130 1047 1303 1115 matrem;
1338 1030 1400 1130 602

376 1160 523 1265 *Matri
537 1163 645 1260 longa
659 1164 784 1237 decem
799 1160 956 1243 tulerunt
972 1160 1110 1235 sastidia
1125 1163 1274 1253 menses.
1328 1203 1330 1207 ⁴

406 1293 543 1398 Incipe,
565 1324 675 1397 parve
690 1276 804 1398 puer}
830 1271 891 1376 cui
905 1272 977 1374 uon
990 1273 1096 1374 risere
1109 1314 1289 1397 parentet,
1337 1292 1339 1295 ’

437 1524 479 1576 59.
495 1514 546 1562 diat
563 1510 674 1575 nonnulli
692 1526 730 1579 ap.
749 1509 938 1562 Heius—61.
955 1513 1047 1561 εψηκ
1065 1510 1197 1580 agnoscant
1217 1512 1385 1580 Grammatid,

405 1586 500 1644 Probus
515 1600 539 1650 et
557 1589 675 1649 Donatus,
691 1606 746 1639 cum
761 1590 837 1649 libris,
851 1590 914 1655 inpr.
929 1592 1002 1639 Rom.
1021 1600 1047 1641 et
1066 1592 1131 1641 Gad.
1164 1586 1387 1660 redemerimus·

404 1674 486 1716 metro
502 1665 558 1729 alii:
575 1669 667 1728 tulerint,
683 1670 782 1717 aarum
816 1666 933 1735 assium
949 1665 1008 1733 legi,
1029 1666 1097 1717 addit
1118 1668 1330 1721 surina—262.
1346 1671 1388 1735 qui

404 1741 559 1807 emendarunt
576 1744 622 1793 viri
643 1744 718 1804 door,
732 1746 769 1794 uti
785 1744 837 1810 jam
855 1744 1034 1811 Qaiufflliauus
1055 1746 1101 1802 IX,
1119 1744 1250 1811 diega-at,
1274 1760 1301 1795 r.
1319 1746 1387 1799 Fies

403 1818 466 1867 Cod.
484 1820 577 1879 Burm,
590 1832 714 1886 receptum
724 1836 819 1886 quoque
830 1820 858 1868 in
868 1821 954 1879 Aldu,
968 1834 993 1869 et
1004 1822 1030 1870 in
1039 1820 1113 1891 tertia
1129 1820 1328 1887 interpondiumt
1345 1825 1386 1890 qud

402 1914 443 1943 non
460 1899 539 1960 risere.-
551 1908 648 1962 parentes
667 1900 723 1947 Nec.
765 1896 874 1962 Disceffit
892 1898 1018 1947 Manutius
1035 1909 1060 1947 et
1078 1898 1176 1963 repetiit
1193 1903 1234 1949 na.
1257 1900 1384 1959 Sensum

402 1970 471 2037 nullu
488 1985 531 2039 aut
548 1990 633 2039 parum
651 1974 796 2023 cornmodo:
812 1986 838 2023 at
854 1980 887 2022 cut·
905 1972 1040 2025 indubitate
1057 1989 1116 2024 veta
1132 1973 1221 2040 Ῑεᾷἰος
1236 1976 1398 2042 mammonae

401 2049 479 2099 etiam
493 2053 549 2114 quoi.
592 2052 621 2111 ln
631 2051 740 2101 Parrhas.
755 2071 803 2102 eur.
834 2052 876 2119 Jo.
894 2050 1018 2119 Schrader.
1037 2050 1099 2116 conj.
1111 2055 1153 2116 'qut'
1166 2070 1206 2103 uae
1217 2054 1281 2118 risere
1290 2058 1385 2120 nami,

404 2128 454 2178 Nec
463 2130 509 2174 deus
517 2129 552 2174 bor
559 2145 589 2174 m.

404 2303 501 2363 divina
512 2307 624 2365 materia
642 2320 695 2367 tuae
711 2307 809 2377 laudis,
839 2320 870 2365 ut
918 2306 960 2364 At
982 2305 1036 2365 hoc
1060 2324 1117 2364 non
1137 2302 1288 2364 admittant
1309 2306 1382 2385 seqq.

403 2383 543 2462 ingenium
563 2402 652 2443 meum
669 2386 704 2443 ab
721 2383 868 2443 eaexcita·
915 2393 957 2442 cui
967 2408 1015 2443 non
1033 2388 1106 2462 njere
1112 2398 1250 2464 parentes:
1271 2380 1384 2441 Scilicet

403 2476 474 2528 tum,
490 2459 684 2519 inflammatum
694 2475 722 2521 et
733 2461 868 2522 diviniore
915 2468 997 2540 poeta
1015 2462 1142 2519 volebat:
1162 2460 1253 2540 incipe
1271 2457 1302 2518 in
1322 2461 1383 2519 diat

403 2538 500 2615 spiritu
513 2537 613 2607 atium,
627 2538 703 2618 supra
716 2558 807 2597 omnes
818 2559 866 2596 ex·
914 2558 991 2597 auras
1002 2538 1123 2616 prodire,
1142 2553 1169 2596 et
1181 2539 1274 2596 oculos
1282 2537 1312 2594 iu
1324 2556 1381 2594 ma·

403 2617 510 2693 cellere,
531 2629 559 2672 et
579 2615 649 2693 ipsos
667 2615 731 2673 deos
744 2616 866 2676 canendo
915 2630 982 2674 trem
1007 2617 1154 2693 conjicere,
1172 2632 1286 2693 eamque
1307 2614 1385 2703 quasiv

323 2728 326 2732 -
402 2692 605 2769 uincerepossrr.
644 2695 717 2768 adsta,
737 2692 866 2751 utiiuvo-
916 2711 951 2759 ex
975 2693 1124 2771 hoc‚quod
1143 2690 1196 2749 tibi
1215 2711 1247 2751 ea
1268 2693 1381 2761 arridet,

401 2770 459 2828 cati
479 2768 522 2827 dii
542 2768 650 2838 adsunt,
668 2787 748 2847 opem
767 2769 867 2838 ferunt,
916 2768 1069 2847 agnoscere.
1112 2768 1252 2827 Poeticum
1276 2768 1380 2826 sensum

403 2846 494 2905 favent
506 2845 606 2923 poetis·
645 2893 647 2897 ,
679 2888 681 2893 .
917 2848 951 2903 ad
965 2846 1299 2904 taliaafferreneceffeest.
1331 2850 1379 2907 62.
1468 2884 1472 2893 ι

451 2923 575 2997 60-63,
597 2924 692 3001 Incipe,
706 2940 737 3001 p.
756 2939 798 3000 p.,
819 2931 868 2988 riu
916 2934 1012 2981 cuinon
1024 2928 1096 2999 rifere
1104 2940 1231 2999 parentes,
1244 2926 1305 2981 Nec.
1326 2923 1381 2979 Ex-

400 3009 533 3081 cognoscere
549 3018 664 3071 matrem,
696 3000 803 3080 vulgari
826 3020 867 3057 ra·
917 2998 1012 3076 primit
1023 2998 1065 3067 id,
1079 3000 1221 3077 quod'jam
1233 2999 1382 3057 dicendum

402 3079 475 3137 tione
488 3081 564 3138 esset:
589 3080 695 3138 nascere
706 3077 788 3156 puer!
802 3097 866 3135 nam
916 3092 990 3134 erate
1023 3076 1106 3134 risum
1131 3076 1204 3133 hunc
1230 3076 1321 3132 matris
1344 3078 1381 3133 ad

400 3155 522 3215 decimus
551 3158 607 3235 jam
643 3157 737 3215 mensas
765 3154 866 3234 agitur,
916 3155 1034 3230 puellum
1048 3168 1140 3210 natum
1153 3152 1275 3209 laetitiam
1290 3152 1382 3211 matris

397 3234 550 3313 justumque
561 3234 629 3292 adeo
643 3233 723 3292 matri
736 3247 812 3291 utero
826 3233 865 3291 se·
916 3249 1040 3309 arguere,
1059 3248 1175 3306 eumque
1185 3229 1381 3306 expetiandum

400 3312 470 3369 renti
484 3326 586 3390 tempus
599 3312 745 3389 expletum.
762 3310 866 3369 Omnia
915 3309 966 3382 effe
981 3306 1006 3365 ei
1029 3326 1113 3385 puero
1130 3321 1205 3371 nato,
1226 3304 1274 3382 qui
1300 3306 1382 3365 matri

400 3386 458 3445 haec
476 3390 594 3457 ornavit,
624 3391 771 3466 utpo'eta:
801 3408 864 3445 cum
914 3385 1076 3463 gratissimus
1097 3384 1142 3451 fit,
1161 3384 1261 3463 quippe
1272 3382 1318 3460 qui
1331 3383 1381 3441 ali·

399 3464 494 3523 decem
507 3465 865 3543 mensesmemorat,fl1stidia
914 3462 1024 3539 quando
1053 3462 1124 3520 inter
1144 3464 1236 3520 heroes
1259 3476 1287 3518 et
1312 3461 1381 3520 deoc

400 3542 490 3610 addit,
508 3562 571 3602 cum
584 3544 711 3619 temporis
723 3543 801 3620 hujus
816 3543 864 3599 de·
914 3540 1006 3599 locum
1016 3540 1049 3599 sit
1061 3540 1221 3598 habiturus:
1242 3552 1378 3596 acontra·
1447 3587 1451 3591 .

400 3618 478 3677 cursu
499 3617 561 3675 satis
582 3619 638 3693 jam
662 3638 758 3696 magna
777 3618 865 3677 oneris
913 3616 970 3687 rio;
983 3639 1043 3697 quae
1053 3617 1192 3676 conversio
1205 3616 1303 3674 rationi
1314 3622 1382 3694 poi?-

400 3696 443 3754 sui
470 3695 549 3752 taedia
567 3695 594 3753 ei
613 3695 674 3754 siut.
728 3696 769 3754 Ex
789 3696 864 3755 rimit
913 3696 974 3751 ticae
1010 3696 1088 3753 valde
1121 3693 1298 3753 consentanea
1319 3696 1380 3757 est,

399 3792 480 3852 porro
509 3791 565 3829 rem
585 3794 602 3830 a
620 3772 697 3849 signo
716 3717 794 3830 varie
819 3775 863 3850 ju·
914 3771 1005 3861 Qem
1027 3771 1158 3830 infantem
1181 3791 1271 3830 recens
1287 3786 1381 3831 natum

398 3852 501 3919 cundo,
533 3870 548 3907 a
565 3852 702 3928 voluptate
723 3865 751 3907 et
770 3851 864 3909 laetitia
913 3850 1034 3907 talicum
1048 3848 1102 3906 risu
1124 3868 1178 3907 non
1198 3868 1324 3927 excepere
1338 3849 1380 3906 ul-

398 3928 576 3996 matris,cum
598 3948 651 4006 qua
670 3941 863 3987 recensnatum
888 3967 891 3986 i
913 3927 956 3983 nis
975 3926 1027 3984 suia
1052 3943 1183 4004 parentes,
1206 3928 1326 4003 adeoque
1344 3928 1381 3984 de

396 4003 528 4064 infantem
549 4004 687 4072 intuetur;
707 4022 737 4063 ut
758 4025 791 4064 eo
811 4004 863 4063 risu
912 4018 977 4061 nato
988 4023 1071 4081 puero
1083 4024 1138 4060 non
1151 4004 1234 4063 laetati
1254 4002 1326 4069 suut,
1344 4003 1382 4061 est

397 4080 425 4138 se
437 4082 509 4156 quafi
523 4100 635 4142 matrem
651 4081 764 4161 probare
774 4082 862 4141 videri
912 4078 935 4138 is
947 4079 1068 4159 ingratus
1079 4096 1107 4139 et
1119 4080 1271 4141 invenustus
1285 4082 1379 4148 homo,

395 4160 481 4237 poffit.
502 4159 561 4220 Vix
580 4161 639 4220 dici
657 4163 751 4239 potest,
778 4180 862 4238 quau·
911 4159 1033 4237 adeoque
1053 4159 1087 4216 ad
1109 4158 1221 4218 deorum
1245 4159 1329 4215 vitam
1352 4168 1381 4213 et

396 4238 496 4296 rumh.
513 4239 533 4295 Ι.
547 4240 682 4317 trepident
695 4238 869 4317 interpretes,¹
911 4237 1078 4296 consortium
1091 4236 1199 4293 admitti
1217 4255 1271 4292 non
1283 4232 1380 4311 potest,

395 4314 443 4391 qui
455 4314 490 4372 ab
509 4316 693 4394 antiquiffimis
713 4314 777 4375 inde
794 4331 860 4375 tem·
912 4314 987 4389 quod
1000 4334 1083 4393 puero
1106 4312 1262 4390 promiserat
1278 4310 1317 4368 vs.
1336 4327 1380 4387 ις.

395 4390 508 4466 poribus
535 4398 639 4465 (verum
667 4411 756 4452 tamen
774 4393 862 4471 julius
911 4391 1080 4449 Conveniret
1092 4391 1160 4446 adeo
1173 4388 1203 4447 iu
1215 4408 1288 4456 eum,
1301 4385 1377 4464 quod

396 4467 510 4537 Sabinus
528 4469 610 4543 vidit)
628 4471 663 4527 ad
684 4470 765 4530 risum
784 4471 862 4549 pueri
912 4466 1044 4528 Pindarus
1066 4466 1105 4524 ait
1124 4466 1205 4541 Pyth.
1216 4470 1248 4535 β,
1262 4471 1299 4525 80
1311 4467 1377 4536 γόνον

395 4544 476 4621 patri
485 4546 628 4624 arridentis
636 4546 693 4609 haec
703 4550 860 4614 tetulerunt.
909 4547 953 4607 ὅτ’
964 4551 986 4607 ir
999 4545 1105 4627 tirdgoict
1123 4548 1286 4623 γεςαισφόςον,
1299 4543 1343 4677 ἔς
1357 4546 1383 4639 ἓν

466 4664 469 4674 -
742 4660 744 4665 -
1341 4642 1397 4680 tot-
